2467 4028
820 260 1476 301 PRAEFATIONES.

119 349 231 387 licei-e
251 359 389 386 tantum
413 349 530 386 bonos
552 347 712 385 aanores
733 347 897 398 cupiunt,
922 361 980 386 aut
1003 348 1195 386 emendate
1218 349 1381 394 scribere,
1405 361 1560 399 quorum
1576 349 1723 398 quidem
1745 351 1802 389 vel
1829 348 1980 389 maxime
2009 351 2186 407 rationem

121 382 321 436 hgbeiidam
343 399 427 443 effe,
451 410 528 434 non
543 397 702 434 infitior:
725 398 951 447 gratillimum
973 411 1093 436 tamen
1119 399 1186 436 ess’e
1211 399 1320 436 debet
1336 400 1419 445 illis,
1445 400 1507 448 qui
1522 399 1567 436 ita
1583 412 1701 436 ain-ant
1715 401 1821 438 libros
1839 413 1990 445 vetereS,
2012 412 2052 455 ut
2067 414 2185 447 etiam,

122 448 146 486 fi
164 449 200 484 in
216 450 334 486 locum
351 449 500 496 aliquem
521 446 731 490 salebrosum
755 459 814 484 aut
838 460 1051 499 corruptum
1068 448 1236 486 'incidant
1250 476 1260 494 ,
1284 449 1329 485 de
1356 449 1533 486 medicina
1551 449 1715 486 facienda
1738 451 1900 503 cogitent
1915 477 1927 496 ,
1949 462 2009 488 ant
2029 451 2186 506 ‚udicare

122 510 222 535 certe
239 499 284 535 de
299 499 444 535 aliorum
461 496 772 533 emendationibus
792 498 939 548 cupiant
962 498 987 535 b.
1037 499 1128 549 ch
1142 498 1273 535 invidia
1290 499 1360 544 est,
1386 499 1455 535 lios
1473 499 1599 536 nostro
1621 499 1795 536 laborem
1810 514 1854 537 eo
1872 501 1980 545 libro,
2007 512 2083 549 quo
2101 503 2198 538 aiio--

122 549 213 597 quin
229 549 378 584 libenter
392 558 552 591 utuntur,
578 546 711 583 discere
728 547 834 584 etiam
851 561 970 585 mores
986 548 1126 585 illorum
1151 547 1363 598 &ingenia,
1388 561 1544 597 quorum
1565 549 1665 585 enixa
1683 561 1794 597 opera
1810 549 1942 602 facium
1962 550 2024 595 est,
2034 562 2075 587 ut
2084 563 2186 588 men—

124 598 178 635 dis
194 597 228 634 &
245 596 416 633 ulceribus
438 596 664 633 obsideantur
680 596 755 633 libri
777 597 893 646 quivis
917 598 1064 649 optimi;
1090 611 1211 647 neque
1226 598 1422 649 generatim
1447 599 1482 635 ἂ
1505 598 1655 635 confuse
1677 598 1812 634 discere
1827 609 1990 655 tantuin,
2015 599 2077 637 sed
2092 613 2187 648 quo-

124 647 190 684 ties
212 645 273 682 usu
297 646 413 691 venit,
442 657 482 682 ut
512 647 602 682 circa
625 658 756 686 vocem
778 648 927 696 aliquam
956 647 1193 684 adliaerescant
1208 675 1218 693 ,
1249 649 1371 685 videre
1395 648 1500 685 etiam
1531 648 1653 698 poffe,
1678 659 1797 684 utrum
1820 647 2012 702 forte-alias
2036 661 2188 704 quoque

116 707 200 731 -eam
213 707 282 744 pro
306 696 366 732 alia
383 694 567 745 posuerint
590 695 728 733 librarii.
776 697 1004 748 Quinquain
1027 698 1123 734 enim
1149 709 1189 734 ut
1205 697 1333 734 veritas
1355 711 1443 742 una,
1467 699 1512 735 ita
1536 697 1732 752 multiplex·
1747 697 1783 734 ὃ(
1799 710 1913 733 varius
1934 699 2000 734 effe
2017 711 2117 741 error
2131 702 2188 736 10—

119 745 187 789 let,
212 756 332 781 tamen
351 746 405 782 vel
422 745 519 794 ipsae,
542 745 588 781 de
605 746 734 793 quibus
758 749 911 795 agimus,
934 747 1215 786 docliffiinorum
1243 747 1400 784 virorum
1422 747 1689 784 observationes
1712 748 1790 783 satis
1819 747 2017 784 ostendunt
2031 775 2041 792 ,
2064 749 2191 786 eadem

119 794 256 830 chorda
280 794 368 843 sepe
387 795 462 831 illos
479 795 652 832 oberrasse
666 822 676 840 ,
702 796 737 831 δέ
759 796 797 832 in
821 796 945 834 similes
967 797 1117 834 subinde
1139 797 1297 834 incidisse
1318 797 1452 847 culpas.
1523 799 1648 846 Itaque
1664 809 1804 834 tantuin
1823 796 1931 841 abest,
1957 809 1996 833 ut
2014 799 2192 854 poeniteat

118 856 177 880 me
205 844 444 894 qualicunque
473 857 593 894 opera:
631 858 671 881 ea
704 845 741 881 in
766 858 804 882 re
832 846 1033 892 collocatae,
1063 858 1104 884 ut
1120 847 1244 897 potius
1268 848 1417 896 moleste
1441 847 1554 884 feram
1571 874 1580 892 ,
1605 861 1664 884 me
1688 859 1764 901 quo
1788 857 1956 898 tempore
1984 847 2191 906 Gronovia-

120 906 206 929 num
223 893 363 930 Livium
384 894 562 943 legebam,
586 907 663 931 non
687 895 841 932 similiter
866 897 939 933 hoc
961 909 1073 946 genus
1101 895 1392 934 observationum
1415 898 1571 934 enotafle
1592 925 1602 942 ,
1625 910 1664 934 ac
1685 900 1829 951 miratus
1845 898 1904 933 iim
1922 923 1933 941 ,
1956 897 1995 933 Β.
2026 897 2188 937 §tubello

118 942 231 980 videri
247 943 345 979 aliter
359 944 523 993 potuifle.
599 946 774 993 perquam
797 946 885 983 mihi
901 947 1092 984 molestum
1108 946 1204 997 espfi
1221 947 1268 983 de
1284 947 1367 983 vivo
1382 947 1532 983 homine
1557 946 1689 996 aliquid
1710 946 1904 1000 dicendum
1920 945 1977 1001 fit,
2003 958 2079 1001 quo
2102 959 2192 996 aegre

118 992 165 1031 illi
182 1004 289 1040 queat
306 993 402 1038 fieri,
428 1006 549 1042 neque
570 995 749 1036 modico,v
763 1008 833 1045 pro
849 996 937 1033 ineis
954 996 1112 1033 fortunis
1132 997 1347 1033 redemerim
1370 997 1526 1047 asperius
1540 996 1731 1045 aliquando
1752 1009 1770 1033 a
1784 1008 1913 1052 juvene
1934 995 2025 1051 dicsla
2041 997 2191 1034 mAuex.

117 1041 338 1086 Heli-adium,
365 1056 581 1091 quamquam
604 1044 650 1086 is,
676 1057 758 1081 cum
773 1045 902 1083 dixerit
924 1059 1003 1095 quae
1024 1046 1158 1091 voluit,
1181 1059 1260 1096 quae
1276 1048 1409 1092 nollet,
1433 1047 1562 1084 audisse
1587 1047 1748 1083 videatur
1769 1058 1845 1082 non
1869 1056 2059 1102 immerito.
2096 1047 2192 1104 fiSed

117 1092 233 1128 multo
250 1092 354 1129 ctiam
379 1093 560 1130 molestius
577 1095 627 1130 est
641 1108 928 1133 commemorare
937 1096 983 1133 de
994 1096 1170 1133 defuncto
1189 1097 1315 1146 aliqua,
1342 1110 1421 1146 quae
1436 1097 1475 1133 in
1491 1110 1568 1133 eam
1582 1097 1656 1145 rapi
1673 1105 1812 1151 partein
1828 1095 1973 1152 poliunt
1984 1123 1993 1137 ,
2015 1105 2113 1153 quali
2128 1108 2192 1133 iar-

115 1153 239 1178 varum
264 1142 371 1179 instar
390 1142 511 1179 luctari
536 1156 618 1180 cum
641 1145 802 1181 manibus
825 1145 942 1184 velim.
1018 1147 1143 1195 Itaque
1168 1145 1433 1196 supersedillem
1464 1148 1567 1196 plane
1593 1147 1654 1183 ista
1671 1157 1859 1183 mentione
1873 1172 1884 1190 ,
1916 1145 2035 1200 nisio<
2057 1159 2134 1182 inea
2156 1145 2191 1182 δε

116 1190 290 1228 leciorum
319 1191 416 1229 causti
436 1193 536 1242 plura
559 1193 712 1231 dicenda
739 1194 977 1244 superessent,
1004 1209 1103 1245 quae,
1136 1196 1159 1233 si
1181 1197 1416 1234 abstinuissem
1440 1197 1546 1234 etiam
1570 1196 1740 1250 nomine,
1765 1207 1887 1232 tamen
1905 1195 1948 1232 ad
1971 1201 2066 1253 mum
2083 1207 2193 1251 perti·-

115 1252 222 1285 nere,
246 1242 360 1290 quivis
382 1242 483 1280 facile
497 1243 727 1293 intelligeret,
757 1245 791 1281 ὀζ
809 1258 934 1295 parum
957 1246 1057 1283 fuifle
1073 1247 1228 1283 candide
1253 1246 1364 1292 dicia,
1385 1247 1528 1297 pollent
1543 1246 1656 1288 videri
1673 1245 1886 1295 quibusdam
1901 1272 1911 1290 ,
1936 1244 1959 1282 fi
1981 1248 2192 1301 prtcterinii-

115 1289 155 1330 so
172 1303 320 1328 nomine
338 1293 415 1329 Viri
430 1293 467 1329 in
492 1293 615 1330 medio
639 1294 745 1341 hujus
766 1295 897 1332 laboris
919 1296 1020 1333 cursu
1036 1297 1143 1333 rebus
1166 1297 1330 1334 humanis
1355 1297 1489 1347 erepti,
1515 1296 1621 1333 etiam
1652 1294 1880 1351 occasionem
1906 1295 2061 1344 benigne
2082 1296 2195 1351 deul«

114 1340 151 1376 lo
169 1340 313 1377 dicendi
328 1341 416 1379 inihi
432 1343 684 1392 praelcidiilein.
736 1345 892 1382 Molliter
917 1345 982 1394 oſjiz
1001 1346 1123 1383 cubem
1149 1346 1214 1383 viri
1236 1347 1415 1385 laboribus
1437 1346 1473 1383 ἃ
1494 1346 1639 1383 miseriis
1660 1357 1741 1383 Vltae
1759 1345 1918 1400 'fe-liciter
1932 1349 2132 1403 perfuncti,
2157 1344 2194 1400 {Sc

115 1388 177 1426 iub
196 1391 348 1440 pedibus
369 1392 446 1428 haec
467 1393 587 1430 omnia
606 1393 672 1430 suis
687 1395 848 1440 miranti,
871 1395 971 1442 cujus
996 1409 1121 1446 parum
1144 1396 1212 1444 jam
1243 1397 1376 1443 refert,
1398 1410 1506 1446 quam
1528 1398 1692 1446 placeant
1719 1394 1808 1432 mihl
1824 1422 1834 1440 ,
1863 1396 2061 1445 paedagogo
2085 1407 2192 1432 nimis

115 1439 213 1476 forte
235 1441 481 1490 supercilioso,
507 1454 566 1480 aut
581 1444 651 1490 aljis
672 1444 777 1481 etiam
802 1446 937 1483 altioris
954 1446 1100 1484 subsellii
1123 1447 1224 1492 viris,
1250 1447 1355 1497 ipfius
1379 1448 1434 1484 vel
1457 1447 1641 1484 sententiae
1665 1447 1720 1483 vel
1743 1445 1896 1483 labores.
1968 1447 2039 1482 Iam
2062 1445 2194 1501 scopu-

117 1489 187 1525 lum
204 1490 298 1526 illum
312 1518 322 1536 ,
349 1491 393 1528 ad
416 1505 525 1541 quem
542 1506 589 1530 ne
612 1494 867 1532 adliaeresceret
882 1496 1005 1546 pudor
1025 1510 1127 1534 meus
1144 1499 1367 1543 metuebam,
1389 1496 1561 1541 feliciter,
1585 1497 1638 1534 uti
1660 1495 1790 1551 spero,
1814 1494 2083 1545 praeterveelus,
2106 1496 2194 1532 libe-

117 1550 155 1573 re
178 1550 256 1585 qua:
271 1539 454 1588 supersunt
469 1554 635 1591 exequar.
685 1545 826 1595 Qbus
851 1547 956 1583 rebus
971 1545 1107 1585 auelior
1129 1547 1213 1584 esset
1237 1561 1315 1584 mea
1336 1548 1578 1597 qualicunque
1600 1559 1711 1597 opera
1735 1546 1796 1582 hic
1811 1544 2013 1601 thesaurus,
2038 1545 2192 1582 demon-

115 1587 261 1624 stratum
281 1590 341 1625 est.
391 1590 505 1639 Spero
521 1603 639 1628 autem
656 1606 734 1629 non
752 1595 990 1632 infeliciorem
1005 1624 1014 1640 ,
1039 1597 1147 1647 magis
1162 1609 1260 1634 certe
1277 1597 1501 1634 necessariam
1524 1610 1672 1646 operam
1689 1595 1838 1646 politam
1857 1595 1924 1632 elie
1939 1608 1977 1631 in
1994 1596 2190 1632 emendan-

115 1635 177 1671 do.
227 1637 438 1675 Incredibile
455 1640 505 1676 est
522 1667 533 1685 ,
559 1653 665 1689 quam
682 1654 803 1690 graves
819 1644 856 1679 in
878 1645 1137 1686 Germanicam
1149 1647 1206 1682 vel
1227 1647 1436 1694 singularum
1465 1658 1618 1688 vocum,
1649 1647 1704 1698 vel
1722 1643 1905 1698 pbrafium·
1922 1655 1981 1680 aut
2005 1645 2192 1694 exemplo-

115 1696 193 1721 rum
211 1685 408 1721 versionem
423 1713 433 1730 ,
460 1689 665 1736 irrepserint
688 1692 993 1730 hallucinationes.
1065 1694 1169 1731 Nihil
1198 1693 1244 1730 de
1267 1694 1458 1742 antiquatis
1481 1692 1516 1730 ὃ(
1533 1693 1703 1729 obsoletis
1726 1692 1831 1746 dicO,
1854 1693 2000 1740 aliisque
2016 1705 2095 1748 qm?
2116 1694 2192 1736 εῃΙυ

114 1734 187 1770 tior
209 1734 409 1771 Germaniae
424 1747 503 1784 pars
518 1736 670 1784 respuit,
698 1738 736 1773 in
759 1741 888 1785 quibus
909 1755 986 1777 non
1002 1743 1100 1778 licuit
1129 1744 1246 1778 severa
1268 1743 1373 1780 nimis
1396 1741 1700 1782 animadversione
1725 1752 1796 1784 uti,
1821 1753 1904 1776 cum
1926 1752 2004 1777 non
2017 1754 2080 1778 uni
2096 1742 2192 1779 Ger-

114 1784 238 1820 maniae
255 1784 371 1833 genti,
394 1783 453 1823 sed
475 1784 677 1821 Germanice
698 1787 768 1822 toti
791 1787 987 1825 destinatus
1002 1791 1103 1826 labor
1125 1791 1181 1827 ille
1198 1790 1371 1828 videatur.
1451 1793 1585 1839 Neque
1614 1790 1700 1826 illud
1718 1790 1905 1839 imputabo
1920 1817 1931 1834 ,
1952 1790 2060 1845 ⁸quod
2081 1792 2192 1841 parti-

114 1834 311 1883 cipiorum,
335 1834 516 1883 praesentis
535 1835 733 1884 temporis,
765 1836 1065 1876 diminutivorum
1086 1839 1172 1876 item
1194 1839 1447 1888 interpretatio
1473 1840 1577 1889 plane
1601 1839 1721 1876 omissa
1745 1840 1797 1876 ei’t
1814 1866 1824 1884 ,
1846 1852 1930 1876 cum
1949 1841 2089 1877 illorum
2113 1841 2191 1878 for-

113 1884 224 1920 matio
247 1896 316 1933 pro
341 1883 571 1921 dialeciorum
594 1885 677 1922 licet
703 1886 871 1923 varietate
894 1887 1027 1925 diversa
1044 1916 1053 1932 ,
1087 1888 1177 1925 nihil
1200 1888 1414 1926 difficultatis
1436 1889 1564 1926 habeat
1594 1890 1649 1926 vel
1670 1889 1767 1939 apud
1790 1901 1944 1938 pueros,
1969 1889 2045 1926 haec
2070 1902 2190 1934 autem

113 1934 219 1983 plane
235 1934 367 1970 eodem
388 1934 520 1980 modo,
545 1934 707 1981 adjuncia
722 1936 890 1973 nimirum
913 1937 956 1974 ad
974 1937 1192 1975 infinitivum
1209 1939 1307 1975 litera
1331 1945 1359 1984 b,
1375 1950 1505 1976 exeant
1529 1946 1553 1978 Ε.
1604 1938 1675 1976 Sed
1698 1939 1744 1976 de
1766 1938 1830 1976 illis
1852 1940 2002 1989 loquor,
2031 1941 2092 1978 ubi
2114 1943 2189 1991 pla-

113 1996 161 2020 ne
189 1995 316 2020 contra
331 1984 516 2021 veritatem
539 1997 730 2035 peccatum
754 1987 817 2024 est.
866 1987 980 2033 Cujus
1002 1988 1052 2025 rei
1074 2002 1113 2025 ea
1138 1989 1214 2025 fere
1238 1988 1335 2026 causa
1355 1989 1438 2035 fuit,
1458 1989 1579 2039 quod,
1601 1988 1663 2038 qui
1680 1988 1933 2027 Germanicam
1947 1990 2190 2046 interpretati-

114 2046 224 2070 onem
262 2033 445 2083 apposuit,
467 2047 545 2072 non
567 2034 623 2072 ille
650 2036 828 2073 rationein
857 2037 999 2084 habuit,
1023 2038 1111 2087 quid
1136 2038 1259 2075 auctor
1278 2038 1339 2076 libi
1360 2040 1536 2086 voluerit,
1561 2052 1637 2088 quo
1663 2053 1702 2076 ea
1726 2041 1811 2077 loco
1829 2041 1998 2091 protulit,
2020 2040 2081 2077 sed
2098 2040 2188 2090 quid

115 2082 186 2119 sola
202 2095 268 2132 per
282 2084 331 2126 se,
356 2083 527 2133 decerpta
544 2097 562 2121 a
577 2097 734 2136 corpore
753 2086 946 2134 orationis,
972 2089 1070 2125 unde
1087 2088 1198 2126 sumta
1215 2089 1313 2135 sunt,
1337 2089 1531 2139 significare
1554 2090 1652 2127 forte
1679 2090 1823 2141 possint.
1885 2090 1976 2144 Herc
1999 2102 2102 2128 tanto
2121 2092 2187 2146 ini-

116 2143 182 2168 nus
207 2132 550 2180 animadvertuntur,
576 2147 651 2184 quo
670 2136 883 2185 pauciorum
911 2138 1068 2175 rationes
1086 2139 1221 2184 ferunt,
1244 2150 1284 2176 ut
1301 2139 1446 2188 quoties
1469 2140 1623 2177 formula
1642 2140 1795 2189 quadam
1810 2140 1863 2177 uti
1885 2141 2008 2185 velint,
2018 2141 2061 2179 ad
2071 2142 2187 2192 ipsum

115 2180 189 2225 ejus
210 2181 390 2219 auclorem
411 2195 603 2221 recurrant.
674 2186 884 2223 Paucili'imis
908 2198 1027 2224 autem
1045 2201 1083 2224 ea
1108 2189 1158 2225 est
1174 2203 1257 2226 cuin
1281 2190 1461 2227 veteribus
1484 2190 1578 2227 libris
1597 2190 1829 2236 familiaritas,
1851 2202 1892 2227 ut
1907 2191 2022 2228 statim
2040 2192 2188 2241 quibus-

112 2230 194 2267 dam
211 2242 349 2268 tantum
364 2233 479 2269 verbis
490 2234 704 2284 propositis,
727 2249 795 2284 qua
813 2236 858 2273 de
880 2250 918 2274 re
941 2237 1056 2275 sermo
1082 2237 1121 2275 fit
1136 2266 1147 2283 ,
1172 2239 1260 2288 quid
1276 2240 1504 2289 praecesserit,
1529 2239 1618 2289 quid
1634 2240 1819 2289 sequatur,
1848 2241 2055 2295 intelligant.
2118 2242 2188 2297 His

112 2279 219 2329 igitur
236 2281 413 2330 suppetias
434 2283 486 2319 nti
509 2283 778 2335 ferrem,neque
800 2286 837 2322 in
859 2288 988 2336 quibus
1004 2302 1020 2324 a
1036 2291 1207 2325 memoria
1224 2291 1279 2326 vel
1295 2289 1356 2326 usu
1367 2290 1549 2327 bonorum
1565 2291 1751 2327 auctorum
1767 2302 1835 2340 ego
1847 2291 2043 2337 adjuvabar,
2063 2291 2188 2338 invidi,

113 2342 233 2378 neque
242 2332 302 2367 ubi
312 2331 461 2381 suspicio
477 2344 615 2370 tantum
629 2336 770 2385 peccati
794 2336 925 2374 subeffe
943 2337 1144 2382 videbatur,
1155 2339 1314 2388 tempori
1332 2340 1471 2385 meo,&
1488 2341 1671 2388 quaerendi
1686 2341 1856 2378 molestiae
1872 2342 2031 2391 peperci.
2054 2341 2190 2379 Eadem

112 2391 223 2429 opera
243 2393 404 2430 magnam
424 2382 497 2419 vim
512 2396 637 2421 eorum
656 2385 791 2431 sustuli,
818 2399 897 2435 quae
913 2387 1030 2424 adhuc
1054 2387 1091 2424 in
1112 2388 1201 2425 locis
1219 2388 1405 2426 auclorum
1424 2389 1607 2427 laudandis
1630 2402 1777 2439 peccata
1800 2391 1944 2427 fuerant
1964 2391 2188 2429 librariorum

112 2430 234 2478 culpa,
260 2431 316 2467 vel
330 2431 572 2469 festinatione
595 2434 798 2472 doelorum.
854 2438 1024 2485 Denique
1045 2451 1127 2474 cum
1145 2439 1305 2487 plurimae
1322 2438 1360 2474 in
1383 2439 1511 2475 librum
1529 2439 1739 2475 utiiiffimum
1755 2439 1896 2475 mendae
1917 2452 1957 2475 ea
1978 2442 2118 2477 ratione
2142 2442 2188 2477 ir-

112 2479 303 2528 repserint,
329 2481 431 2529 quod
447 2495 465 2518 a
482 2482 600 2519 multis
617 2484 783 2520 traelatus
805 2497 845 2520 ac
867 2486 1104 2533 interpolatus
1120 2513 1129 2529 ,
1155 2500 1172 2521 a
1195 2487 1340 2521 nemine
1361 2499 1480 2523 autem
1492 2513 1502 2531 ,
1529 2498 1629 2523 totus
1651 2500 1720 2535 qua
1741 2486 1872 2536 finguia
1888 2488 1993 2525 verba
2008 2490 2187 2538 perlectus

112 2529 183 2573 est,
207 2529 304 2565 unde
320 2532 427 2568 multa
443 2532 498 2566 vel
515 2532 586 2571 bis,
611 2533 666 2566 vel
682 2544 760 2566 non
774 2532 837 2567 suo
857 2534 941 2567 loco
960 2533 1090 2580 posita,
1115 2535 1223 2568 multa
1246 2535 1381 2578 luxata,
1408 2535 1586 2580 distrac‘ta,
1611 2537 1773 2585 perversa
1796 2539 1877 2574 lunt
1895 2552 1902 2573 :
1926 2538 1981 2574 his
1998 2550 2038 2575 ut
2051 2552 2121 2589 pro
2135 2539 2186 2576 vi-

110 2578 206 2613 ribus
220 2578 386 2613 mederer
401 2605 410 2621 ,
434 2579 558 2613 sedulo
590 2578 766 2625 equidem>
783 2579 908 2617 enixus
933 2581 1007 2617 suin
1022 2608 1032 2626 ‚
1058 2593 1179 2629 neque
1203 2581 1331 2619 frustra
1355 2597 1413 2620 ine
1437 2585 1537 2621 fuisse
1563 2584 1715 2623 confido
1741 2585 1768 2631 7³¹.
1818 2587 1910 2636 Qoe
1932 2600 2015 2625 cum
2040 2589 2087 2626 ita
2107 2589 2186 2635 fint,

111 2625 197 2661 illud
214 2625 426 2661 confirmare
451 2625 586 2670 audeo,
617 2628 655 2664 T
657 2628 841 2664 hesaurum
866 2631 1073 2667 Fabrianum
1099 2632 1219 2667 nostra
1244 2631 1349 2669 etiam
1373 2634 1614 2683 qualicunque
1637 2647 1749 2685 opera
1769 2636 1878 2685 longe
1901 2648 1999 2674 nunc
2024 2639 2187 2688 prodire,

111 2686 220 2722 quam
236 2687 394 2722 unquam
408 2674 496 2719 fuit,
520 2674 714 2714 aucliorem
731 2689 840 2726 atque
856 2680 1160 2725 emendatiorem,
1186 2680 1221 2717 <Sc
1236 2683 1381 2731 reliquis
1396 2684 1435 2720 in
1453 2684 1528 2721 hoc
1544 2690 1676 2734 genere
1691 2685 1787 2723 libris
1800 2711 1812 2730 ‚
1837 2686 1901 2735 qui
1923 2688 2186 2736 quideinnobis

2131 2752 2188 2776 in-

149 2811 181 2851 b)
204 2811 377 2850 Diligenter
390 2810 428 2840 ob
445 2810 551 2847 causaS,
561 2822 629 2851 quas
648 2812 717 2848 dixi,
733 2814 804 2844 talia
818 2814 954 2845 adnotata
969 2816 1037 2847 sunt
1050 2828 1111 2847 non
1126 2818 1214 2848 modo
1230 2818 1261 2848 in
1278 2819 1431 2855 librorum,
1454 2831 1526 2861 quos
1542 2821 1667 2857 laudavi,
1683 2822 1844 2858 indicibus,
1861 2823 1909 2854 sed
1925 2823 1956 2854 in
1973 2825 2077 2855 Curtio
2093 2826 2185 2857 etiam

188 2861 437 2895 Freinshemiano,
454 2861 484 2890 in
506 2863 746 2893 Gruterianaruin
767 2865 995 2905 inscriptionum
1019 2868 1117 2897 indice
1139 2869 1340 2899 Grammatico
1355 2872 1455 2910 magni
1471 2872 1613 2911 Scaligeri
1634 2883 1724 2912 opera
1752 2884 1904 2910 contexto,
1920 2875 1973 2905 διε.
1999 2887 2061 2915 quae
2075 2877 2096 2906 si
2111 2888 2182 2908 eon-

187 2911 323 2940 ferantur
336 2910 368 2939 in
384 2911 534 2950 posterum
547 2912 579 2941 in
598 2913 675 2943 hunc
690 2915 739 2943 vel
754 2914 878 2943 similem
894 2916 1070 2952 thesaurum,
1088 2918 1199 2958 insigne
1221 2921 1410 2950 commodum
1424 2922 1596 2961 praebebunt
1617 2922 1756 2953 studiosis.

144 2991 175 3029 c)
197 2989 226 3018 Si
240 2999 307 3019 meo
324 2987 373 3017 hic
388 2988 500 3027 judicio
517 2999 604 3029 agere
619 2992 666 3020 vel
683 2991 813 3022 libuisset
828 2994 877 3023 vel
892 2995 1036 3032 licuisset,
1056 2997 1180 3026 eandem
1202 2997 1265 3028 fere
1281 2999 1427 3029 rationem
1448 3000 1604 3031 tenuissem
1627 3000 1659 3031 in
1678 3002 1847 3032 verbalibus
1867 3003 2039 3036 nominibus
2059 3005 2095 3035 iis
2108 3016 2179 3046 prae-

186 3039 304 3073 sertim,
324 3048 385 3077 quae
399 3038 431 3068 in
451 3039 505 3074 10,
521 3040 652 3078 itemque
670 3041 700 3070 in
715 3041 775 3077 his,
799 3053 860 3081 quae
877 3045 906 3073 in
930 3045 986 3075 OR
1001 3056 1132 3076 exeunt:
1157 3058 1218 3085 quse
1235 3048 1266 3078 in
1286 3050 1382 3079 nostra
1404 3051 1618 3081 consuetudine
1640 3052 1667 3080 δε
1682 3052 1737 3081 usu
1758 3053 1824 3082 sunt
1848 3054 1971 3083 nomina
1991 3057 2120 3086 verbalia
2134 3057 2181 3087 his

186 3089 407 3127 respondentia,
428 3099 463 3117 ea
483 3089 513 3119 in
522 3091 616 3129 ung&
631 3099 659 3122 ct
669 3092 731 3120 fere
745 3092 895 3127 desinunt,
917 3095 1106 3125 &facillimo
1121 3099 1246 3136 negotio
1270 3108 1284 3127 a
1307 3099 1405 3129 tirone
1427 3100 1532 3138 quovis
1554 3101 1737 3137 formantur,
1764 3103 1815 3141 qui
1833 3104 1919 3132 verbi
1939 3105 2096 3135 notionem
2112 3117 2180 3145 per·

186 3147 305 3177 ceptam
325 3138 437 3167 habeat.
497 3139 552 3168 Sed
568 3150 601 3169 ea
614 3140 755 3170 nimirum
771 3142 811 3171 est
831 3142 1002 3179 difficultas,
1030 3147 1108 3184 quod
1123 3156 1227 3185 magna
1242 3147 1285 3176 vis
1309 3148 1350 3177 est
1371 3149 1544 3178 Latinorum
1561 3151 1741 3185 verbalium,
1763 3152 1869 3190 quibus
1892 3154 2069 3184 Germanica
2085 3165 2120 3184 ex
2140 3165 2178 3185 eo

186 3198 297 3228 genere
311 3199 372 3218 non
387 3188 572 3227 respondent.
632 3191 692 3220 Hic
713 3192 846 3223 audauer
866 3194 989 3225 confista
1010 3196 1101 3236 vulgo
1119 3197 1217 3227 videas
1233 3198 1260 3227 &
1276 3198 1368 3237 posita
1382 3200 1413 3229 in
1428 3200 1544 3230 Lexicis
1567 3201 1883 3234 Latino-Germanicis
1898 3205 2036 3240 nomina,
2057 3216 2179 3237 moneta

186 3249 222 3267 ea
234 3248 320 3276 quam
333 3238 457 3267 diximus
479 3239 624 3278 percussa,
645 3241 671 3271 h.
681 3252 706 3271 e.
717 3242 827 3272 casibus
842 3251 901 3283 ung
918 3246 965 3274 vel
982 3254 1009 3277 ei·
1024 3247 1169 3284 produsta.
1214 3248 1310 3277 Nobis
1333 3250 1497 3288 religiosius
1515 3261 1601 3290 agere
1623 3252 1717 3281 visum
1732 3253 1780 3283 est.
1840 3253 1953 3292 Itaque,
1975 3256 2093 3293 quoties
2114 3256 2177 3286 ani-

186 3298 269 3317 mum
291 3287 478 3322 advertimus,
500 3290 655 3320 maluimus
670 3292 757 3330 plane
772 3294 882 3321 nullam
899 3304 1009 3333 ponere
1025 3297 1130 3325 talium
1145 3297 1302 3326 nominum
1324 3298 1606 3338 interpretationem
1628 3301 1851 3336 Germanicam,
1877 3312 1965 3341 quarn
1982 3305 2029 3332 vel
2047 3305 2177 3335 inaudita

184 3336 266 3365 inter
279 3335 434 3365 emendate
449 3335 605 3373 loquentes
625 3340 746 3368 nomina
762 3340 940 3377 adscribere,
964 3346 1011 3373 vel
1030 3345 1122 3384 longo
1145 3347 1303 3375 verborum
1319 3347 1446 3377 circuitu
1462 3350 1586 3379 leStores
1602 3346 1755 3390 impedire.
1815 3353 1864 3382 Ne
1885 3361 1983 3381 totum
2005 3362 2097 3391 genus
2117 3354 2176 3385 hoc

185 3386 246 3416 fine
259 3385 390 3415 versione
404 3386 654 3425 relinqueremus,
679 3400 782 3419 eorum
797 3392 960 3423 intercessit
974 3396 1088 3425 utilitas
1105 3417 1112 3432 ‚
1133 3407 1259 3435 quorum
1281 3399 1416 3434 interest,
1438 3400 1530 3430 etiam
1550 3402 1783 3441 imperitissimos
1803 3414 1865 3433 non
1887 3403 2008 3437 habere,
2035 3405 2113 3442 quod
2128 3415 2174 3436 re-

184 3436 319 3474 quirant,
341 3445 391 3464 aut
405 3434 539 3464 omissum
555 3436 652 3474 specie
667 3438 788 3476 quadam
803 3450 1028 3479 conquerantur.
1069 3445 1114 3474 Ita
1129 3446 1277 3480 methodi,
1307 3447 1406 3476 nescio
1423 3457 1509 3486 quain
1522 3450 1623 3485 bonae,
1652 3451 1681 3480 ὃ(
1696 3451 1910 3481 uniformitatis
1933 3451 2082 3488 cujusdam
2104 3463 2173 3484 cau-

183 3485 215 3513 sa
228 3485 404 3513 nominativi
419 3484 450 3514 in
463 3485 510 3514 VS
531 3485 617 3524 positi
633 3485 699 3516 sunt
713 3497 817 3518 eorum
832 3491 922 3519 etiam
936 3493 1100 3528 nominum,
1123 3506 1184 3534 qua:
1198 3494 1341 3530 μονόπ7α7οι
1364 3507 1474 3527 vocant
1496 3498 1689 3529 Graminatici
1705 3522 1711 3535 ,
1732 3511 1853 3540 quaeque
1868 3501 2016 3530 interdurn
2037 3512 2171 3534 commo-

185 3532 249 3561 dius
264 3533 294 3561 i‘n
309 3533 479 3571 supinorum
494 3534 525 3563 in
539 3533 568 3563 V
583 3534 671 3563 censu
686 3537 933 3575 relinquerentur.
997 3542 1043 3571 Ita
1058 3543 1226 3581 lLepiul‘cule
1240 3544 1392 3583 pra-sentia
1406 3547 1566 3577 verborum
1587 3550 1620 3578 in
1635 3550 1709 3580 SCO
1732 3551 1843 3579 laudata
1858 3571 1864 3584 ,
1885 3559 2010 3588 quorum
2025 3551 2085 3580 sola
2098 3563 2170 3591 prae-

185 3580 277 3610 terita
290 3602 297 3615 ,
315 3591 330 3610 a
342 3582 500 3621 primitivis
521 3583 619 3618 dusta,
640 3585 842 3616 auuoritatem
857 3588 1028 3628 adscriptam
1044 3592 1160 3624 liabent.
1232 3593 1306 3623 Sunt
1320 3596 1403 3633 plura
1418 3596 1507 3626 etiam
1522 3599 1553 3627 in
1567 3601 1675 3638 etymis
1689 3601 1716 3629 δι
1730 3600 1851 3628 familiis
1866 3609 1975 3630 vocum
1989 3601 2170 3632 constituen-

184 3631 246 3665 dis,
267 3641 327 3668 quae
346 3643 406 3662 non
421 3634 576 3672 probamus
590 3634 708 3673 quidem
721 3655 729 3669 ,
748 3636 796 3665 sed
817 3647 930 3668 mutare
950 3639 1071 3672 difficile
1092 3653 1170 3680 erat,
1191 3645 1219 3674 ἃς
1233 3644 1265 3673 in
1285 3654 1402 3675 morum
1422 3657 1532 3686 genere
1550 3648 1682 3680 ἀδύνατον.
1742 3650 1845 3680 Taceo
1866 3651 1975 3683 laboris
1995 3652 2169 3689 molestiam,

189 3678 384 3718 obrepentem
404 3682 497 3721 longo
513 3684 544 3712 in
559 3694 650 3723 opere
665 3680 814 3721 sonsnum,
835 3688 958 3726 reliqua.

142 3756 176 3799 d)
197 3757 251 3787 Ins
246 3757 346 3796 piciat,
355 3757 405 3796 qui
419 3760 540 3796 voler‚&
556 3763 690 3792 conferat
707 3772 773 3792 cum
787 3763 937 3803 superiore
951 3766 1047 3797 nostra
1061 3769 1194 3799 editione
1209 3771 1354 3802 vocabula
1362 3773 1546 3814 Dystrapelus,
1557 3775 1663 3816 Flagito
1679 3783 1747 3807 cum
1767 3777 1882 3809 familia
1897 3779 1947 3809 sua
1959 3800 1967 3814 ‚
1989 3779 2063 3815 Iuro,
2075 3779 2168 3812 Linea,

183 3806 658 3888 ssuslrumfflbetrium„Primipilus
673 3813 725 3843 ἃς.
747 3813 774 3844 ὃς
789 3814 901 3847 videbit
916 3816 1062 3864 etiamad
1081 3820 1156 3850 hanc
1178 3823 1334 3861 repetitam
1355 3825 1431 3862 quasi
1451 3826 1671 3865 praeiestionem
1690 3828 1842 3869 pertinere
1855 3850 1864 3866 ,
1885 3839 1947 3870 quae
1966 3829 2002 3859 de
2022 3827 2167 3870 superioii

206 3866 319 3890 ixunus.

1371 3912 1395 3953 b
1414 3925 1429 3961 3
