2467 4028
821 169 1465 241 PRAEFAT10NEs

121 301 214 338 met,
239 293 280 330 ab
294 292 385 337 aliis,
408 290 534 341 quibus
549 283 622 338 ipse
642 286 760 325 fateor
774 285 968 337 plurimum
985 285 1120 331 deberi,
1186 285 1372 323 hesaurum
1389 284 1497 335 plene
1514 282 1722 332 inventum,
1745 282 1781 322 8<
1796 284 1872 323 satis
1890 285 2106 323 elaboratum
2123 284 2202 330 effe,

121 341 214 379 duos
229 356 314 380 mox
330 344 480 385 allegabo
493 337 588 375 viros
604 338 859 385 contestantes,
876 337 1031 373 immane
1046 347 1221 385 quantum
1247 335 1390 372 abfuiffe
1415 348 1432 371 a
1447 334 1578 371 virtute
1602 336 1836 373 consummati
1858 335 1992 379 Lexici,
2014 347 2203 385 quantum·

122 391 174 428 vis
189 392 361 441 superiori
375 384 524 428 editioni
540 400 618 424 non
633 398 744 436 pauc-a
760 386 950 436 posthuma
968 385 1120 430 Cellarii,
1143 385 1179 421 &
1201 397 1344 435 meapte
1368 396 1474 421 manu
1498 384 1646 434 amplius
1662 388 1919 423 vocassiuiorum
1936 385 2072 435 septem
2090 384 2205 429 millia,

121 442 337 479 accellerint.
382 441 513 486 Neque
538 437 627 474 adeo
652 435 867 473 invidiosum
882 436 970 472 mihi
987 436 1065 481 erit,
1086 435 1109 471 fi
1123 435 1262 479 dixero,
1291 435 1393 482 quod
1408 434 1474 470 hac
1490 435 1568 470 vice
1583 433 1706 482 viginti
1723 436 1824 471 ini-iia
1841 436 1965 472 denuo
1981 433 2208 484 superaddita

120 491 360 539 pronunciare
380 489 492 526 liceat.
559 486 715 523 Dimidia
736 486 869 522 horum
890 498 984 535 pars,
1007 497 1087 534 quae
1107 485 1212 521 novis
1234 484 1343 521 initiis
1366 485 1519 532 constat,
1539 483 1737 520 commode
1753 483 1830 520 sciri
1846 485 1994 535 poterit,
2016 484 2038 521 fi
2053 484 2206 534 praesens

120 552 290 577 numerus
307 551 387 575 cuin
403 550 461 582 eo,
476 537 537 585 qui
553 537 604 573 est
623 535 870 573 antecedentis
885 535 1066 580 editionis,
1082 533 1303 571 conferatur.
1375 533 1446 570 Sed
1468 535 1616 570 alterum
1640 544 1779 570 tantum
1805 533 1956 571 nonnisi
1973 534 2011 571 in
2028 543 2207 570 contextu

120 587 368 640 interpositum
383 586 678 636 deprehenditur.
732 586 779 622 Et
793 593 840 621 ne
857 586 936 633 quis
951 585 1072 622 nostra
1088 597 1157 621 ceu
1177 583 1395 633 supervacua
1419 582 1596 633 increpet,
1620 594 1722 619 certo
1747 583 1926 632 persuasus
1950 585 2036 630 sum,
2059 584 2161 633 quod
2184 581 2208 619 fi

121 640 256 677 viveret
271 637 454 680 Cellarius,
469 635 564 673 haud
580 635 687 672 dubie
703 635 934 672 commodata
952 635 1018 671 hac
1035 634 1175 671 ratione
1195 632 1340 670 subsidia
1357 633 1586 689 approbaret,
1607 632 1642 668 ὅ(
1656 632 1700 668 ad
1714 631 1815 669 suum
1836 645 1965 670 nutum
1981 646 2132 671 omnem
2147 645 2207 670 ex-

121 689 291 726 antlatum
314 687 469 723 laborem
491 685 797 734 interpretaretur.
868 685 1027 721 Primum
1052 695 1171 720 autem
1193 683 1323 720 testem
1347 682 1557 720 deiec‘luum
1582 682 1752 732 produco
1769 681 1996 727 Christianum
2011 682 2209 729 Falslerum,

121 736 417 776 Con-Reclorem
432 735 560 772 scholae
573 733 734 784 Ripensis
749 734 787 770 in
803 733 976 775 Holsatia,
990 733 1089 779 cujus
1105 733 1383 782 Supplementum
1399 733 1534 780 Linguae
1550 734 1679 768 Lutt'nae
1704 731 1795 768 circa
1818 731 1930 768 finem
1951 733 2033 768 anni
2048 732 2209 783 superio*

120 788 166 825 ris
181 786 225 823 ad
242 798 309 822 nos
326 785 501 836 pervenit,
516 784 553 821 in
570 797 645 833 quo
661 784 815 834 quinque
829 784 936 821 millia
957 785 1161 821 lacunarum
1175 782 1297 820 Lexici
1318 781 1651 820 Fabro-Cellariani
1673 794 1716 818 ex
1739 782 1923 818 autoribus
1945 794 2067 827 aureae,
2090 795 2213 832 argen-

119 848 198 881 teae,
213 835 249 872 ἃ
263 848 367 872 aeneae
382 834 490 871 :etatis
505 834 670 884 supplere
686 833 812 878 voluit,
827 833 999 883 ipsosque
1014 832 1179 870 defeeius
1195 845 1295 869 nunc
1310 831 1443 878 jocose,
1461 843 1561 868 nunc
1583 832 1703 882 aspere
1721 833 1924 881 exprobrat.
1988 832 2059 868 Sed
2075 833 2211 881 pleros-

121 898 192 935 que
209 886 264 922 vel
280 882 440 927 similiter,
457 885 513 921 vel
528 883 652 921 melius
671 882 895 932 quandoque
909 883 1095 920 restitutos
1110 881 1246 920 videbit
1262 893 1344 919 ante
1360 882 1556 918 adventum
1582 881 1632 918 sui
1654 881 1771 925 libelli,
1794 882 1873 931 plus
1896 880 2166 927 consecuturus,
2188 881 2213 919 ii

120 935 225 972 citius
247 933 491 979 transmiiiflet,
515 945 574 970 aut
597 932 902 970 communicasset.
971 934 1067 970 Nam
1089 945 1174 970 cum
1197 931 1398 977 accederet,
1422 932 1584 969 ultimam
1608 944 1727 981 prope
1750 930 1949 980 impolituri
1974 944 2142 973 manum,
2166 932 2213 969 de

120 984 241 1022 indice
258 983 478 1021 Germanico
498 983 623 1020 soliciti
640 995 788 1019 eramus.
865 983 978 1020 Certe
994 982 1150 1031 quisque
1166 982 1332 1018 nostrum
1348 994 1418 1032 pro
1434 980 1566 1031 opibus
1584 980 1692 1018 efficit
1709 980 1853 1018 moenia.
1936 981 2036 1020 Olim
2053 982 2215 1030 qualiter‘

120 1046 266 1083 cunque
284 1034 442 1082 probata,
459 1034 514 1071 vel
529 1033 620 1070 nulla
638 1031 847 1070 aueioritate
861 1032 1009 1077 munita,
1025 1034 1200 1080 nulloque
1217 1032 1308 1068 teste
1331 1031 1502 1068 comitata
1516 1032 1688 1068 vocabula
1708 1031 1936 1079 reliquerant.
1984 1032 2112 1068 Postea
2127 1044 2216 1068 vero

120 1083 273 1133 quisque
292 1083 454 1120 nostrum
470 1083 509 1120 id
525 1083 608 1132 egit,
629 1094 670 1119 ut
684 1095 729 1118 ex
743 1081 947 1130 antiquiore
963 1082 1162 1119 Latinitatis
1179 1081 1298 1119 seculo
1318 1081 1566 1118 aucloritatem
1582 1081 1735 1125 arcellat,
1758 1080 1794 1117 δε
1817 1081 1974 1118 valorem
1998 1094 2132 1118 vocum
2156 1080 2218 1119 fir-

122 1133 214 1171 mius
230 1133 460 1172 corroborem
488 1132 590 1182 quod
611 1131 717 1182 praeci
747 1145 834 1169 uum
849 1132 955 1169 etiam
973 1133 1001 1169 F
1002 1131 1115 1169 alsteri
1128 1144 1223 1181 opus
1241 1131 1308 1168 effe
1326 1131 1488 1176 videtur,
1499 1143 1539 1168 ut
1554 1130 1721 1181 digniore
1739 1131 1859 1179 aliquo
1882 1131 2000 1168 fulcro
2016 1132 2125 1168 multa
2142 1131 2217 1178 ejus

120 1182 290 1220 vocabula
306 1182 475 1230 nitantur,
493 1194 600 1231 quam
621 1194 697 1231 quo
715 1144 879 1219 Eexicon
892 1182 1015 1219 utitur.
1063 1183 1237 1218 Praeterea
1255 1194 1366 1231 pauca
1389 1180 1614 1227 substantiva,
1640 1182 1740 1230 plura
1764 1180 1945 1233 adjec'tiva,
1963 1182 1998 1217 ἃ
2014 1180 2050 1217 in
2066 1182 2122 1218 his
2139 1183 2220 1231 plu·

121 1245 178 1270 res
194 1232 320 1280 gradus
335 1231 548 1282 superiores,
564 1230 600 1268 ἃ
614 1231 838 1280 quarundam
862 1230 1064 1268 dieiionum
1080 1230 1200 1281 plures
1217 1230 1506 1281 significationes,
1533 1232 1590 1268 vel
1613 1230 1791 1268 diversum
1819 1231 1919 1267 usum
1943 1231 2105 1281 suggerit.
2177 1232 2220 1268 In

119 1282 175 1319 his
191 1274 270 1319 sunt
286 1280 479 1327 interdum,
497 1294 583 1331 quas
596 1294 674 1318 non
688 1280 901 1318 deficientes
916 1281 954 1317 in
971 1281 1108 1318 Lexico
1124 1280 1284 1318 deficere
1302 1292 1414 1331 putat.
1487 1282 1577 1318 Sunt
1600 1281 1707 1318 etiam
1725 1293 1812 1330 quas
1838 1280 1861 1317 fi
1879 1280 2056 1325 scruteris,
2072 1281 2170 1318 aliter
2184 1280 2221 1318 se

120 1332 252 1369 habere
271 1331 408 1369 sentias.
459 1332 554 1368 Istud
571 1331 772 1368 dolendum
790 1331 853 1375 est,
869 1330 973 1380 quod
986 1330 1184 1368 leeiiomim
1205 1331 1374 1368 varietate
1401 1330 1525 1381 sepius
1549 1343 1797 1380 torqueamur,
1819 1344 1895 1380 quo
1918 1332 2011 1367 malo
2027 1331 2064 1367 in
2080 1331 2221 1368 Lexicis

120 1382 360 1418 contexendis
377 1381 464 1418 nihil
478 1382 530 1418 est
546 1381 716 1419 deterius.
765 1381 941 1418 Prolixam
957 1379 992 1417 ἃ
1016 1380 1194 1418 eruditam
1207 1381 1460 1432 praefationem
1476 1381 1620 1418 Falsteri
1636 1381 1754 1418 libello
1776 1380 1941 1431 praemisit
1962 1381 2105 1418 Hasniae
2130 1383 2221 1419 cele-

120 1431 294 1468 berrimus
318 1433 501 1468 &verinus
524 1431 751 1480 Lintrnpius,
786 1431 848 1467 ubi
871 1431 966 1468 inter
989 1431 1049 1468 alia
1076 1442 1358 1473 commemorat,
1397 1431 1625 1469 Thesaurum
1648 1432 1813 1468 nostrum
1841 1430 1910 1477 jam
1933 1431 2019 1468 olim
2047 1442 2130 1467 ante
2149 1442 2222 1478 tot,

122 1492 292 1529 tantaque
308 1493 494 1531 augmenta
510 1483 609 1518 Foro
627 1483 794 1518 Romano
811 1482 994 1531 praelatum
1014 1493 1031 1518 a
1048 1481 1251 1519 docliffimo
1275 1482 1462 1528 Boeclero,
1495 1481 1706 1532 speratque,
1747 1494 1831 1518 cum
1847 1482 1875 1518 F
1877 1481 2062 1518 alsteriano
2077 1481 2221 1532 supple-⁷

125 1540 251 1566 mento
274 1530 403 1566 habere
425 1544 494 1568 nos
518 1531 595 1568 fere
618 1530 821 1581 perfeetum
839 1531 987 1580 aliquod
1012 1532 1179 1569 Lexicon
1195 1531 1376 1569 Latinum.
1450 1533 1572 1569 Multo
1590 1532 1698 1581 magis
1715 1531 1831 1575 dicet,
1860 1531 2085 1568 Thesaurum
2102 1532 2145 1569 ad
2165 1531 2223 1568 ali-

126 1590 235 1626 quem
260 1578 426 1627 supremo
455 1581 661 1630 proximum
689 1579 923 1629 perfeetionis
954 1581 1094 1631 apicem
1118 1582 1355 1632 perducium,
1391 1595 1477 1619 cum
1499 1581 1784 1631 quadrupliciter
1804 1581 1977 1627 majorem
2003 1594 2223 1632 apparatum,

126 1628 437 1675 quain‚,F.iisterus
454 1657 465 1674 ‚
505 1629 686 1673 exhibuit,
722 1642 788 1679 per
818 1631 956 1667 nostras
987 1630 1255 1673 lucubrationes
1289 1644 1395 1668 novae
1418 1631 1574 1667 editioni
1605 1631 1727 1666 audiet
1756 1631 2067 1668 subministratum.
2146 1631 2224 1680 lpse

125 1675 230 1712 etiam
253 1675 442 1720 FalsteruS,
469 1679 552 1724 quia
569 1679 701 1715 litteras
721 1691 824 1723 amat,
844 1678 903 1714 hic
927 1679 1108 1724 inveniet,
1132 1681 1179 1715 de
1210 1692 1286 1727 quo
1319 1679 1380 1715 fibi
1405 1678 1655 1728 gratulabitur.
1719 1678 1789 1715 Sed
1820 1691 1866 1715 ne
1889 1679 1977 1728 quid
2002 1679 2224 1725 diffimulem,

123 1724 312 1763 luculentis
343 1723 483 1767 adjutus
515 1737 584 1773 ego
612 1726 688 1760 sum
716 1727 883 1771 symbolis
906 1728 1196 1774 experientiffimi
1220 1728 1380 1764 docioris
1401 1728 1539 1765 Medici
1556 1727 1731 1770 Joachimi
1750 1729 1924 1775 Jiirgeniz,
1948 1729 2012 1776 qui
2039 1729 2139 1766 ficuti
2161 1743 2223 1766 an-

124 1775 230 1812 tehac
250 1773 434 1820 Nodrifiae,
459 1773 495 1810 δέ
514 1773 638 1824 paucis
663 1772 794 1809 abhinc
823 1773 924 1809 annis
956 1775 1179 1812 Christianiae
1207 1776 1245 1812 in
1266 1778 1478 1826 Norwegia,
1499 1786 1718 1826 aegrotorum
1753 1789 1874 1813 curam
1904 1776 2019 1826 gesfit,
2042 1779 2227 1817 auxiliator

125 1837 252 1868 eorum
274 1824 523 1869 dexterrimus,
541 1823 611 1873 ‘qui
635 1836 708 1873 ope
734 1823 872 1860 medica
895 1823 1117 1873 indigerent:
1166 1825 1213 1862 ita
1237 1824 1345 1862 etiam
1367 1826 1587 1863 laudabiliter
1617 1827 1744 1863 nostro
1778 1826 1928 1873 Lexico,
1952 1827 2010 1864 cui
2035 1828 2115 1878 plus
2148 1842 2224 1866 uno

126 1874 331 1923 AEl'culapio
356 1887 450 1924 opus
472 1886 557 1919 erat,
583 1872 773 1923 gratiosum
794 1872 827 1910 se
850 1874 1014 1924 praebuit,
1037 1874 1074 1912 δε
1095 1888 1173 1911 non
1189 1874 1288 1911 secus
1314 1887 1355 1911 ac
1375 1876 1515 1925 Apollo
1534 1875 1687 1913 diversas
1710 1876 1808 1914 simul
1825 1877 2023 1926 potestates
2041 1892 2227 1925 exercens,

127 1923 163 1960 ὃ(
185 1923 231 1960 de
250 1924 394 1973 publico
418 1924 635 1963 excellenter
659 1924 860 1969 inerituruS,
885 1926 1001 1962 multo
1024 1925 1269 1974 copiosiorem
1291 1938 1425 1962 vocum
1443 1925 1695 1976 supelleciilem
1719 1938 1802 1963 ante
1830 1940 1947 1964 annos
1976 1927 2113 1978 aliquot
2135 1928 2225 1966 mihi

126 1974 235 2018 ultro,
261 1972 297 2010 δε
317 1974 420 2024 gratis
443 1972 575 2011 offerre
592 1972 627 2010 ὃ(
652 1987 719 2024 per
734 1974 914 2012 intervalla
935 1977 1178 2012 transmittere
1206 1972 1332 2025 coepit.
1414 1976 1474 2013 Ille
1498 1975 1625 2013 itidem
1655 1977 1754 2014 testis
1783 1977 1835 2014 est
1860 1977 1949 2014 mihi
1972 1976 2046 2016 fide
2070 1979 2225 2028 digniffi-

127 2036 218 2069 mus,
243 2023 347 2060 falsos
362 2023 473 2069 fuisle,
500 2024 563 2073 qui
585 2023 664 2061 solis
695 2024 901 2062 Cellarianis
934 2025 1194 2062 accessionibus
1223 2038 1302 2063 rem
1335 2025 1542 2063 confeclam
1565 2027 1633 2064 efl'e
1664 2024 1920 2065 existimarunt.
1992 2029 2144 2079 Iiirgenii
2166 2043 2228 2067 au-

128 2084 215 2118 tem,
232 2072 312 2111 Viri
327 2073 556 2123 integerrimi,
579 2074 790 2111 collationes
813 2074 859 2111 ita
885 2086 985 2112 erant
1007 2087 1233 2125 comparatae,
1259 2087 1299 2113 ut
1319 2076 1453 2125 absque
1476 2076 1516 2113 iis
1542 2076 1564 2113 fi
1586 2076 1736 2123 fuissem,
1759 2090 1837 2114 non
1864 2091 1976 2128 pauca
2002 2079 2132 2117 iterum
2162 2080 2227 2117 tle-⁷

129 2121 290 2160 ficerent.
360 2125 451 2160 Non
474 2123 593 2160 destiti
614 2124 658 2160 ad
674 2124 829 2174 primum
852 2124 926 2169 eius
951 2125 1132 2175 specimen
1155 2139 1222 2175 per
1241 2126 1457 2163 collationes
1482 2127 1688 2178 reciprocas
1719 2128 1883 2184 exempla
1914 2130 2090 2167 nonnulla
2117 2143 2227 2180 repo-

129 2183 228 2216 nere,
253 2183 293 2208 ut
317 2172 556 2217 ostenderem,
582 2187 640 2210 me
664 2186 814 2223 quoque
834 2173 966 2212 habere
991 2176 1064 2222 ejus
1089 2175 1268 2213 adnotatis
1298 2176 1543 2226 adjungenda;
1591 2176 1626 2214 ὅ(
1646 2191 1730 2215 cuin
1759 2179 1877 2217 statim
1907 2178 2083 2217 odoratus
2111 2181 2227 2229 estem,

129 2220 207 2258 illos
230 2223 485 2259 vocabulorum
511 2224 686 2268 cumulos,
712 2223 775 2272 qui
797 2237 864 2274 per
885 2226 1019 2262 litteras
1041 2227 1079 2264 P.
1106 2226 1147 2263 R·-
1173 2226 1205 2263 S.
1240 2226 1279 2263 in
1299 2227 1478 2266 Vindiciis
1509 2228 1643 2265 Latinae
1665 2228 1824 2278 Linguae,
1869 2229 1911 2266 ab
1938 2231 2080 2267 Andren
2112 2233 2228 2269 Borri-

128 2270 196 2309 chio
222 2271 311 2316 (alias
328 2273 443 2316 Ivaro)
468 2272 605 2323 scriptis
625 2274 864 2323 reperiuntur,
893 2289 938 2313 ex
955 2276 1089 2319 eodem
1106 2277 1359 2327 promptuario
1375 2278 1589 2326 proveniii'e,
1613 2278 1746 2316 amicus
1770 2279 1827 2316 ille
1843 2279 1987 2330 plurimi
2003 2281 2230 2320 aestimandus

128 2332 207 2358 non
228 2321 342 2358 modo
367 2333 532 2371 coeptum
557 2323 752 2360 litterarum
775 2325 1034 2363 commercium
1059 2327 1298 2371 continuavit,
1323 2326 1384 2364 sed
1408 2326 1442 2364 ἃ
1459 2328 1639 2366 consellus
1658 2331 1729 2373 est,
1758 2343 1835 2366 rem
1866 2343 1944 2367 non
1977 2331 2077 2368 aliter
2107 2332 2142 2368 se
2167 2332 2229 2369 ha-

128 2370 214 2407 bere
239 2384 320 2408 cum
336 2370 537 2417 Borrichio,
563 2373 626 2421 qui
649 2374 740 2410 nulla
761 2374 813 2411 sui
839 2376 1027 2413 mentione
1049 2376 1137 2414 fac‘la
1162 2376 1226 2413 soli
1247 2376 1308 2413 fibi
1337 2377 1497 2415 eundem
1528 2390 1737 2428 apparatum
1761 2379 1940 2428 arrogarit.
1994 2382 2148 2430 Iu'rgenii
2170 2395 2228 2419 au-

127 2430 202 2456 tem
225 2420 474 2458 benevolentia
502 2421 537 2459 &
559 2423 759 2460 humanitas
784 2438 842 2461 me
865 2425 907 2462 ad
933 2427 1047 2463 multo
1071 2426 1244 2473 majorem
1266 2427 1302 2463 in
1327 2427 1581 2477 amplificando
1599 2429 1637 2463 T
1639 2427 1789 2464 hesauro
1813 2429 2025 2465 alacritatem
2054 2431 2232 2476 accendit,

127 2479 235 2518 atque
250 2471 493 2518 exstimulavit,
516 2484 556 2509 ut
570 2484 670 2509 nunc
696 2473 818 2511 celsius
842 2475 1031 2523 consurgat
1045 2487 1103 2512 tot
1119 2476 1291 2524 suppetiis
1302 2476 1556 2519 sublevatus‚&
1572 2477 1657 2511 ideo
1675 2478 1790 2518 multo
1807 2478 2101 2516 commendatior
2113 2481 2233 2519 vultus

127 2518 203 2566 ejus
224 2520 366 2558 eniteat.
416 2524 470 2558 Vt
485 2522 607 2569 opifer
621 2523 678 2557 ille
692 2535 790 2557 nunc
806 2523 1102 2570 septuagenarius,
1111 2523 1243 2570 sospes,
1255 2522 1377 2567 salvus,
1389 2535 1497 2571 atque
1514 2524 1705 2561 incolumis
1723 2536 1810 2574 agat,
1820 2526 1987 2564 ardenter
2003 2528 2152 2576 quidem
2168 2544 2232 2568 cu-

129 2569 212 2616 pio;
261 2569 321 2605 sed
338 2570 510 2616 quoniam
525 2580 590 2616 per
604 2569 868 2607 diuturniorem
883 2583 1021 2607 moram
1038 2570 1126 2608 nihil
1142 2571 1186 2607 ad
1204 2584 1262 2608 me
1280 2570 1393 2618 dedit,
1410 2584 1536 2610 metuo
1552 2573 1665 2618 valde,
1682 2587 1727 2610 ne
1744 2575 1830 2623 quid
1841 2575 1878 2612 in
1888 2576 2039 2625 publicis
2055 2579 2233 2618 calamita-

128 2617 236 2659 tibus,
247 2628 324 2663 quae
335 2616 583 2653 Christi-aniam
600 2617 807 2664 afflixerunt,
824 2620 1030 2658 humanitus
1042 2620 1075 2657 ei
1085 2620 1266 2659 acciderit.
1322 2623 1543 2660 [mmortales
1559 2623 1792 2660 nihilominus
1806 2624 1971 2662 laudes&
1985 2627 2109 2676 gratias
2126 2630 2236 2668 etiam

130 2666 214 2714 post
234 2675 387 2718 mortem
404 2666 500 2718 Viro>
513 2667 656 2720 optime
670 2669 799 2704 merito
829 2669 952 2706 deberi
968 2683 1037 2720 pro
1054 2671 1190 2708 collatis
1214 2683 1286 2708 tam
1301 2671 1431 2712 liberali
1450 2685 1557 2709 manu
1589 2672 1836 2719 collec‘ianeis,
1867 2674 1978 2713 sciant
2002 2690 2147 2725 omnes,
2169 2679 2236 2729 qui

130 2726 273 2767 mecum
295 2725 420 2762 ingrati
437 2714 504 2769 else
519 2716 712 2753 noluerint.
760 2718 867 2755 Hanc
879 2732 965 2768 ergo
982 2731 1106 2758 notam
1122 2720 1373 2766 declinaturus,
1390 2722 1530 2771 publica
1547 2722 1613 2760 hac
1633 2724 1686 2761 uti
1703 2723 1801 2761 volui
1824 2724 2082 2774 praedicatione
2111 2742 2234 2780 operae

128 2762 290 2816 prael’titae
306 2774 390 2817 noir
409 2775 553 2818 exiguae,
578 2777 656 2801 non
672 2766 794 2813 irritae,
821 2782 898 2805 non
916 2770 1059 2807 inutilis.
1112 2771 1294 2808 Caeterum
1311 2772 1535 2810 cordatiores
1551 2773 1654 2811 facile
1670 2774 1885 2824 intelligent,
1902 2788 1980 2815 non
1998 2779 2234 2827 proletarium

129 2811 216 2848 mihi
240 2824 344 2856 onus,
369 2812 428 2867 sed
446 2816 523 2850 latis
546 2814 694 2852 arduum
719 2817 913 2856 incubuisti:
930 2820 967 2856 in
990 2819 1170 2866 omnibus,
1195 2833 1371 2870 quantum
1388 2821 1465 2860 fieri
1483 2822 1606 2872 potuit
1623 2825 1679 2861 vel
1702 2825 1882 2870 eruendiS,
1907 2828 1962 2864 vel
1985 2825 2234 2876 adsciscendis,

129 2862 184 2915 vel
201 2862 422 2916 evolvendis,
430 2864 755 2919 yelponderandis,
765 2870 818 2905 vel
832 2870 1136 2919 perlegendis,vel
1152 2870 1377 2921 digerendis,
1395 2873 1452 2910 vel
1474 2874 1568 2922 justo
1588 2877 1674 2912 loco
1694 2875 1932 2924 reponendis,
1956 2878 2010 2914 vel
2035 2880 2232 2917 emendan-

129 2910 184 2947 dis
200 2910 392 2956 vocabuhs,
417 2914 593 2959 formulis,
616 2916 657 2970 &h
677 2917 1001 2959 oblervationibus;
1027 2934 1142 2971 porro
1163 2922 1202 2958 in
1222 2921 1460 2960 adscribendis
1477 2926 1669 2974 generibus
1695 2925 1900 2971 nominum,
1939 2928 2041 2976 quod
2061 2928 2233 2968 haetenus

130 2959 296 2998 nondum
321 2960 453 2999 facium
479 2975 564 3009 erat,
591 2964 625 3001 ἃ
649 2979 686 3021 in
702 2970 951 3021 espungendis
973 2970 1171 3021 superfluis,
1194 2973 1505 3023 repurgandisque
1521 2975 1727 3013 inveteratis
1752 2975 1969 3026 quibusdam
1992 2980 2125 3025 erratis,
2137 2994 2232 3030 quo-

129 3022 209 3047 rum
233 3022 313 3068 non
334 3023 443 3062 pauca
458 3025 588 3052 novam
615 3016 826 3054 elimationis
848 3021 966 3056 lucem
984 3022 1238 3070 requirebant;
1264 3022 1425 3073 denique
1440 3026 1478 3061 in
1501 3024 1718 3063 adnotandis
1740 3026 1946 3064 Aueiorum
1968 3027 2082 3074 libris,
2105 3030 2232 3081 capiti-

127 3059 207 3108 bus,
230 3063 393 3100 versibus.
484 3066 586 3121 ⁸Inter
606 3064 667 3102 has
689 3069 949 3118 occupationes
974 3071 1070 3108 idem
1103 3072 1180 3109 fere
1219 3073 1349 3110 accidit
1381 3074 1583 3121 interdum,
1617 3077 1720 3126 quod
1744 3078 1790 3114 de
1812 3077 1846 3114 se
1864 3076 2037 3115 cellarius
2052 3079 2186 3119 fatetur
2202 3088 2232 3128 8,

129 3112 165 3167 se
190 3113 337 3169 verbum
361 3113 530 3170 Elucesczt·
545 3116 793 3173 allegatumtab
818 3119 888 3155 aliis
915 3120 952 3156 in
970 3121 1204 3170 Hieronymo
1227 3123 1390 3161 invenire
1413 3137 1491 3162 non
1515 3127 1680 3175 potuisse,
1700 3140 1906 3176 quanquam
1929 3128 2092 3178 integros
2107 3142 2232 3169 tomos

130 3173 206 3208 ejus
230 3163 338 3199 caussa
360 3164 561 3219 perlegerit.
634 3166 674 3202 Id
698 3180 826 3205 minim
852 3169 966 3207 videri
987 3172 1115 3221 posset,
1140 3186 1204 3211 cur
1228 3186 1324 3223 opus
1351 3186 1544 3225 tantopere
1567 3176 1706 3214 aucium
1735 3177 1773 3214 in
1806 3180 1921 3215 multo
1953 3181 2125 3225 majorem
2150 3195 2231 3218 mo-

131 3210 204 3248 lem
226 3224 303 3248 non
319 3225 525 3268 excreverit.
599 3216 688 3271 Sane
711 3229 777 3267 per
791 3219 883 3256 varia
910 3222 1129 3272 compendia
1152 3223 1238 3260 huic
1263 3224 1426 3273 periculo
1451 3225 1634 3274 quaelitum
1658 3228 1710 3264 est
1728 3227 1940 3266 remedium.
2012 3231 2084 3267 Pro
2102 3244 2230 3267 nume—

132 3273 254 3315 rorum
273 3261 528 3300 characleribus
542 3267 736 3321 uncialibus
751 3268 967 3308 minusculos
990 3272 1129 3309 dudum
1149 3273 1311 3323 reposuit
1331 3274 1406 3324 ipse
1432 3276 1614 3314 Cellarius.
1665 3275 1737 3314 Iam
1761 3277 1872 3322 dieta,
1904 3291 1984 3327 quae
2006 3279 2099 3326 justo
2118 3280 2231 3330 proli-⁴

131 3322 208 3365 >gius
226 3323 392 3364 excerpta
415 3325 526 3367 erant,
549 3318 652 3353 reeiia
668 3317 758 3356 sunt.
837 3320 937 3357 Loca
960 3334 1004 3359 ex
1017 3323 1315 3373 Inscriptionibus
1342 3324 1377 3361 &
1402 3325 1565 3363 Comicis
1589 3327 1702 3375 petita
1734 3328 1821 3364 olim
1857 3327 1979 3376 plures
2002 3329 2232 3379 occupabant

131 3360 250 3405 lineas,
273 3373 340 3416 jam
365 3361 489 3417 archus
514 3363 708 3418 cohaerent.
758 3368 1001 3419 Allegationes
1024 3372 1109 3410 olim
1127 3386 1205 3409 non
1230 3373 1336 3410 nudis
1363 3376 1520 3412 numeris
1544 3378 1774 3417 constabant3
1805 3377 1872 3423 jam
1897 3378 2034 3431 primus
2058 3387 2230 3418 numerus

133 3408 230 3463 nude
246 3414 380 3464 politus
393 3412 532 3456 librum,
541 3416 719 3468 lecuiidus
735 3421 1031 3468 caput,tertius,ii
1042 3422 1151 3468 adest,
1162 3422 1312 3469 versum,
1323 3423 1379 3460 vel
1396 3424 1653 3474 paragraphum
1666 3427 1814 3464 indicat.
1840 3427 2006 3470 Cujusvis
2023 3427 2139 3467 lateris
2154 3430 2230 3481 spa-2

136 3467 225 3511 tium
240 3460 398 3497 medium
414 3463 592 3516 angustius
606 3476 703 3519 nunc
717 3468 769 3505 est
783 3469 921 3507 sublatis
933 3471 1057 3508 litteris
1071 3472 1591 3524 marginalibus,&exporrecta
1602 3476 1772 3513 linearum
1789 3477 1875 3513 oiim
1891 3477 2094 3515 breviorum
2111 3481 2230 3518 latitua

134 3505 230 3544 dine.
283 3510 362 3546 Hac
371 3522 510 3548 ratione
528 3514 608 3563 plus
625 3516 784 3569 ipatii,·&
798 3520 848 3555 uti
866 3521 1009 3569 plagulce
1027 3522 1214 3571 cujusque,
1230 3522 1277 3559 ita
1295 3524 1408 3560 totius
1425 3524 1531 3561 eriam
1550 3526 1741 3563 voluminis
1760 3526 1921 3563 odivam
1943 3538 2083 3575 partem
2106 3528 2231 3568 lucrati

134 3555 271 3610 sumum
319 3557 353 3595 ὃς
369 3572 504 3615 quanto
526 3572 626 3600 totus
652 3565 738 3603 liber
754 3567 824 3605 line
843 3568 1100 3619 supplementis
1124 3573 1245 3609 minor
1266 3572 1408 3610 futurus
1427 3584 1520 3619 erat,
1548 3584 1650 3612 tanto
1671 3589 1769 3612 nunc
1786 3576 1836 3610 est
1850 3575 2081 3625 locupletior,
2103 3580 2230 3618 addito

133 3607 278 3660 ”nuper
292 3618 389 3661 ¹¹.0V⁰
404 3613 510 3665 193Ρο
528 3612 727 3669 Chffl‘tssfflss}
741 3630 897 3668 proprer
919 3620 1155 3658 acceffionum
1179 3621 1441 3661 abundantiam.
1492 3624 1603 3661 Sicuti
1622 3638 1742 3662 autem
1758 3632 1837 3673 pars
1853 3625 1954 3674 prior
1969 3627 2228 3667 Latino-Germ·

133 3666 294 3719 malllfflyr
309 3668 355 3693 lta
373 3670 477 3714 etiam
494 3674 573 3717 pars
588 3665 768 3713 posterior
782 3668 1149 3709 Germanico-Latina
1165 3673 1274 3720 longe
1291 3672 1456 3710 uberiore
1478 3686 1577 3710 nunc
1593 3676 1738 3710 cumulo
1763 3684 1872 3722 atque
1902 3688 2072 3724 apparatu
2094 3690 2228 3729 turget.

136 3704 318 3741 Colluvies
350 3708 495 3755 quidem
526 3713 720 3767 ling-uarum
745 3716 873 3754 laudari
889 3719 1034 3768 nequit;
1082 3732 1239 3758 attamen
1271 3722 1442 3769 quoniam
1461 3722 1593 3759 fastum
1612 3724 1673 3767 est,
1691 3736 1773 3760 cum
1790 3736 1858 3760 nos
1877 3725 2051 3763 Germani
2066 3741 2143 3765 rem
2166 3730 2228 3767 ha-

134 3751 300 3807 beremUS
323 3767 403 3804 qum
428 3771 635 3817 peregrinis,
658 3762 693 3799 ὃ(
717 3766 895 3816 praecipue
917 3780 999 3805 cum
1025 3770 1146 3816 Gallis,
1172 3782 1212 3807 ut
1232 3770 1382 3807 exoticae
1401 3772 1640 3822 expreffiones
1665 3772 1907 3822 immigrarent
1933 3775 1971 3811 in
1986 3777 2228 3825 Germaniam,

133 3802 205 3840 illas
227 3803 289 3840 usu
312 3817 431 3857 prope
460 3811 674 3858 quotidiano
697 3827 861 3864 receptas
891 3818 1031 3857 necefle
1054 3820 1125 3858 fuit
1145 3820 1341 3859 adducere:
1365 3821 1533 3871 adeoque
1561 3821 1722 3862 indicem
1744 3822 1813 3870 jam
1842 3824 1947 3863 tertia
1976 3826 2056 3864 vice
2079 3827 2225 3866 exhibui

192 3904 225 3944 g)
245 3903 276 3934 in
291 3903 373 3943 Curis
387 3906 491 3947 poster.
505 3920 533 3951 p.
548 3918 599 3948 301]
1262 3869 1285 3906 b
1308 3881 1327 3906 z
2148 3889 2223 3927 qm,
