2467 4028
700 191 1125 230 PRAECIPVAE
1172 192 1479 232 PRIORVM
1518 194 1925 235 EDITIONVM

274 294 348 330 quo
367 278 565 330 imperitior
579 288 669 327 puer
685 273 805 325 decipi
821 274 936 320 facile,
951 272 1209 327 &persuaderi
1224 275 1348 325 possit,
1371 277 1523 326 primam
1538 276 1575 314 in
1599 277 1687 321 Jove
1708 278 1923 328 produeiam
1952 294 1969 318 a
1997 281 2108 319 Statio
2131 281 2238 321 fuisse.
2289 281 2359 318 Sed

272 331 317 368 ita
333 330 522 380 legendum
540 328 605 364 est:
634 324 764 361 Delove
770 323 914 372 fimanti
936 325 1040 372 Pejor
1058 323 1131 362 &a
1207 326 1246 362 In
1268 326 1380 363 verbo
1406 326 1593 372 obvolvere,
1644 341 1693 364 πε
1716 329 1909 366 Ciceronis
1930 330 2131 381 praescripta
2151 332 2361 370 audior-itate

271 381 375 417 verba
393 378 555 416 adducitz
583 377 669 411 Cum
688 373 898 411 immolanda
921 372 1098 422 Iphigenia
1120 373 1228 421 tristis
1253 375 1396 413 Calchas
1409 376 1497 427 effi‘t,
1518 377 1660 424 mastior
1681 377 1814 428 deſjbs,
1839 391 1957 418 moeret
1980 382 2160 418 Menelaus
2183 383 2359 419 obvolven-

269 430 353 466 dum
369 438 470 477 caput
494 424 760 474 Agmnemnonis
776 423 850 474 cffi‘,
872 423 1036 473 quoniam
1046 424 1226 469 simmmm
1250 426 1347 463 illum
1370 427 1500 463 ludum
1513 429 1666 476 peniCillo
1689 442 1754 466 non
1771 426 1876 478 poffbt
1889 430 2025 468 imitari
2044 433 2172 480 pidi'or:
2193 444 2273 480 quae
2289 444 2360 468 nec

268 479 451 515 construat
467 487 548 525 tyro
571 474 694 524 aliquis
711 474 826 519 facile,
851 486 920 510 uec
935 473 1120 523 intelligat,
1143 474 1204 512 nisi
1227 475 1285 521 ita,
1301 477 1353 513 uti
1373 490 1389 513 a
1406 477 1590 516 Cicerone
1615 490 1796 530 concepta
1819 479 1911 525 sunt,
1935 481 2107 519 emendet
2129 480 2164 518 &
2186 481 2291 531 legat:
2323 482 2358 518 Si

266 529 412 578 denique
430 526 539 575 p'ic‘lor
553 525 607 561 ille
628 524 725 565 vidit,
740 537 818 561 cum
841 523 1056 561 hinnali-mdo
1075 524 1249 577 Iphigenia
1278 526 1386 573 tristis
1417 526 1560 565 Calchas
1585 526 1680 577 effl’t,
1713 528 1858 576 maestior
1884 530 2030 580 Wyffi‘s,
2058 543 2215 568 mereret
2243 533 2358 568 Mene-

267 578 358 621 laus,
375 576 628 612 obvolvendum
650 584 753 623 caput
773 575 1044 623 Agamemnonis
1067 574 1139 624 asse,
1162 577 1522 625 quoniumfitmmum
1545 579 1642 616 illum
1657 579 1787 616 luc‘i'um
1805 575 1962 629 penicilla
1991 594 2056 618 nort
2073 580 2176 631 poſjbt
2202 581 2358 618 imitari:

266 628 332 664 ἃς.
380 625 452 662 Sed
469 626 546 662 haec
562 624 597 662 ἃ
612 625 708 674 plura
724 623 788 661 alia
807 624 1046 678 typographis
1070 625 1206 675 potius,
1222 640 1328 676 quam
1352 627 1468 665 Fabro
1493 628 1556 678 ipfi
1571 628 1790 680 imputanda.
1864 630 1937 667 Sub
1961 631 2070 675 Pilzts,
2088 632 2281 680 Compilare
2322 629 2359 666 ’ἃ

264 675 424 724 Expilare
445 677 616 713 collocat;
642 687 722 723 quae
746 674 790 711 ad
810 676 983 712 &Pilum
1005 675 1201 725 pertinent.
1282 678 1354 714 Sub
1376 678 1519 719 Vitium,
1536 680 1736 716 Convicium
1760 680 1888 730 ponit,
1917 681 2019 730 quod
2050 693 2172 719 tamen
2198 679 2357 718 nominis

262 738 340 763 non
363 738 380 762 a
397 727 491 770 visio,
516 724 575 762 sed
600 738 617 762 a
638 737 726 765 voce,
751 723 845 773 quali
861 726 1069 768 convocium,
1092 725 1227 762 dicium
1246 729 1309 764 est.
1386 727 1449 765 Ad
1471 729 1566 773 linio,
1586 729 1687 766 linire
1694 743 1708 773 ,·
1739 730 1884 768 delinire
1903 743 1973 781 pro
1997 729 2203 768 demulcere
2226 730 2358 770 refert;

261 775 365 823 quod
389 775 431 812 ad
445 775 482 808 τὸ
506 775 607 819 lenio,
625 788 641 811 a
664 774 759 815 lenis,
782 774 948 813 debebat.
1016 775 1074 811 Sic
1090 775 1267 823 virescere,
1296 790 1372 825 quo
1389 778 1513 815 Furius
1536 779 1648 816 Poeta
1665 792 1768 818 vetus
1785 792 1855 830 pro
1872 779 2029 825 sumere,
2060 781 2127 818 live
2145 792 2358 830 recuperare

260 825 365 869 vires,
378 826 537 862 docente
552 825 685 869 Gellio,
699 824 780 862 usus
796 825 847 861 est
858 852 868 869 ,
885 835 971 861 “cum
987 824 1153 872 virescere
1170 840 1187 862 a
1202 827 1295 863 vireo
1311 827 1564 877 imprudenter
1579 829 1787 868 confundit.
1836 829 1974 876 Caestum
1995 830 2115 869 scribit
2128 843 2241 877 genus
2257 828 2359 867 suilli:

257 876 373 919 clavae,
390 875 476 924 pilas
492 875 675 925 plumbeas
691 874 776 912 loris
792 875 933 912 bubulis
950 874 1122 926 appensas
1138 875 1293 913 habens:
1314 877 1428 929 Qod
1445 877 1570 915 falsum
1588 878 1624 916 &
1643 879 1871 930 nugatorium
1900 880 1967 918 ess'e
1989 874 2181 918 revincunt
2205 893 2256 925 ea,
2276 891 2358 927 quae

258 924 363 973 super
387 924 540 972 Cassilms
557 925 581 962 i.
599 924 686 963 Caes.
703 925 854 975 Scaliger
875 925 914 961 in
927 925 1088 968 Poetica,
1104 924 1305 964 Turnebus
1320 928 1356 964 in
1372 927 1603 973 Adverliiriis,
1618 929 1838 967 Mercurialis
1854 930 1899 967 de
1913 943 1991 968 arte
2015 930 2248 981 Gymnastica
2274 929 2358 967 scri—

256 975 416 1025 pserunt.
467 975 676 1012 Lucretium
694 976 828 1013 Carum
840 976 994 1013 Poetam
1009 976 1117 1014 tradit
1130 975 1165 1013 ὃς
1189 977 1372 1014 Terentio
1397 977 1432 1014 c'e
1455 978 1639 1016 Cicerone
1664 980 1908 1030 antiquiorem
1929 980 2048 1019 fuisse:
2102 993 2213 1030 quem
2233 989 2358 1017 tamen

257 1036 396 1061 certum
414 1025 477 1070 cst,
494 1025 840 1075 utroqueminorem
852 1024 963 1070 fuifl'e,
981 1039 1021 1062 ac
1031 1026 1215 1064 Cicerone
1233 1025 1383 1076 quidem
1404 1028 1578 1066 undecim
1593 1029 1636 1066 ad
1657 1029 1847 1067 minimum
1869 1030 1981 1069 annis.
2043 1031 2102 1068 De
2122 1029 2241 1067 Pei-fio
2256 1030 2358 1079 Saty-

255 1074 331 1111 rico
346 1087 548 1125 exponenS,
564 1075 747 1124 quendam
763 1075 955 1113 Ciceronis
967 1076 1091 1113 locum
1108 1076 1268 1122 adducit,
1286 1077 1325 1114 in
1342 1091 1418 1127 quo
1435 1078 1596 1125 ejusdem
1611 1080 1750 1117 mentio
1769 1080 1874 1117 Persii
1893 1079 1946 1118 fit.
1996 1082 2117 1133 Qem
2145 1080 2168 1117 fi
2195 1078 2358 1116 eundem

254 1124 393 1174 putavit
416 1138 499 1162 cum
522 1127 654 1171 Poeta,
679 1125 862 1175 insigniter
887 1125 1055 1175 oscitatus
1086 1127 1149 1164 est.
1225 1129 1320 1164 Nam
1344 1141 1427 1165 cum
1445 1128 1505 1165 hic
1520 1128 1655 1166 Persius
1681 1130 1742 1167 sub
1765 1131 1918 1167 Nerone
1939 1129 2062 1177 fuerit,
2084 1143 2126 1168 ut
2140 1129 2215 1180 ipse
2235 1128 2359 1175 tradit,

255 1186 324 1210 nec
347 1174 446 1212 aliter
460 1188 516 1212 res
530 1175 658 1216 habet;
684 1175 857 1225 equidem
874 1175 950 1222 ejus
964 1175 1103 1214 ¹Cicero
1130 1188 1210 1214 non
1226 1178 1349 1227 potuit
1372 1178 1581 1216 meminisse.
1628 1180 1691 1216 Sin
1707 1193 1796 1218 vero
1811 1179 1929 1225 alium,
1943 1193 1984 1218 ut
2001 1193 2098 1218 certe
2114 1181 2199 1217 alius
2214 1180 2278 1224 est,
2303 1179 2357 1216 vi-

252 1223 386 1262 delicet
409 1226 525 1262 AElius
550 1225 696 1273 Peifizis,
725 1225 913 1271 intellexit,
939 1238 1004 1263 cur
1018 1226 1216 1265 admonere
1241 1227 1288 1266 de
1314 1241 1360 1266 eo
1383 1228 1556 1266 Lectores
1577 1229 1725 1280 penitus
1747 1230 1922 1279 neglexit?
1957 1231 2068 1279 Igitur
2099 1242 2160 1268 aut
2185 1228 2358 1266 confudit

252 1273 427 1327 auctores,
446 1287 505 1312 aut
522 1275 586 1312 suo
606 1275 729 1313 officio
753 1276 893 1313 nonita
910 1275 1034 1313 sedulo
1050 1277 1264 1326 perfunclus
1281 1279 1342 1315 est.
1390 1279 1552 1315 Eandem
1573 1281 1715 1330 culpam
1730 1280 1768 1316 in
1783 1280 1927 1318 παι-οἶα
1949 1280 2096 1326 admisit,
2119 1280 2179 1317 ubi
2199 1280 2356 1316 Mutimn

251 1322 349 1360 illum
368 1326 548 1371 nobilem,
580 1326 642 1375 qui
667 1326 705 1362 in
728 1325 919 1364 Porsennae
948 1326 1084 1363 caedcm
1106 1326 1293 1374 juraverat,
1322 1341 1405 1365 cum
1429 1329 1541 1366 altero
1566 1330 1721 1368 Scaevola
1743 1330 1838 1368 icto
1861 1330 2064 1369 confudiiie
2078 1330 2232 1368 videtur.
2305 1330 2357 1366 Ita

252 1375 401 1422 Zeugma
422 1376 510 1413 dicit
533 1375 599 1414 elie
616 1376 736 1414 Daciae
751 1376 890 1422 urbem,
906 1376 1079 1425 fimulque
1103 1377 1252 1424 adducit
1274 1378 1362 1415 illud
1385 1378 1487 1415 Statii
1511 1391 1531 1415 e
1552 1379 1682 1428 Sylvis:

570 1463 734 1514 Antiqui?
759 1462 944 1513 Babylonis
965 1473 1057 1513 opes,
1074 1462 1120 1503 i&
1134 1464 1291 1513 >'Zeugma
1314 1464 1444 1502 Latinae

570 1522 670 1558 Paris
701 1522 782 1559 iter.

248 1617 365 1664 Atqui
390 1630 434 1654 ex
456 1616 573 1654 Plinio
595 1618 755 1662 constat,
777 1617 904 1654 urbem
928 1617 995 1655 esse
1019 1618 1063 1656 ad
1081 1619 1284 1657 Eufratrem
1306 1619 1403 1656 fitam
1435 1623 1452 1665 ζ
1459 1619 1559 1657 unde
1583 1632 1666 1656 cum
1689 1620 1874 1668 Babylone
1895 1621 2009 1656 Poeta
2029 1616 2167 1667 jungit)
2197 1617 2259 1654 ubi
2283 1618 2358 1655 Ro-

248 1667 345 1704 mani
367 1667 511 1716 Imperii
535 1666 710 1703 terminus
732 1668 802 1704 suit
825 1668 943 1704 versus
967 1668 1085 1706 Persas
1103 1685 1109 1705 ι
1152 1670 1241 1719 Qo
1267 1668 1323 1706 illa
1342 1670 1464 1706 Poetae
1483 1670 1690 1718 pertinent:
1724 1669 1854 1704 Latina?
1866 1668 1963 1715 pacis
1978 1668 2056 1705 iter.
2137 1667 2227 1705 Haec
2244 1667 2280 1704 &
2294 1668 2356 1706 alia

250 1715 361 1766 longe
386 1717 486 1766 plura
503 1721 601 1761 (nam
619 1730 663 1753 ex
678 1715 854 1753 sexcentis
872 1717 948 1754 haec
966 1731 1078 1769 pauca
1093 1718 1266 1756 saltuatim
1283 1718 1534 1768 excerpsimus,
1556 1717 1592 1754 ὅ(
1614 1729 1681 1767 per
1707 1716 1857 1754 saturam
1882 1718 1992 1754 veluti
2022 1716 2253 1766 exposuimus
2279 1719 2355 1755 lan-

249 1768 358 1814 cem)
381 1766 436 1804 vel
453 1766 582 1803 erravit
602 1766 741 1803 Basilius
758 1767 883 1803 noster
898 1767 954 1803 vel
976 1768 1153 1817 peccavit.
1241 1769 1299 1806 De
1316 1780 1392 1817 quo
1409 1779 1478 1804 nos
1494 1767 1581 1804 ideo
1596 1767 1871 1804 admonendum
1892 1767 2084 1804 Lectorem
2111 1766 2290 1814 duximus,
2313 1779 2356 1805 ut

251 1826 453 1866 appareret,
478 1815 570 1853 nihil
589 1815 690 1866 supra
707 1830 724 1852 a
743 1816 850 1853 nobis
874 1826 1013 1854 temere
1034 1818 1191 1868 politum
1207 1818 1318 1856 fuifl‘e.
1368 1817 1515 1854 Interim
1531 1816 1650 1853 sanese
1672 1817 1853 1857 testamur,
1878 1829 1948 1853 nos
1965 1816 2054 1852 nihil
2076 1816 2265 1854 detrahere
2287 1830 2356 1854 vo-

250 1865 347 1904 luiss‘e
363 1865 429 1902 viri
448 1865 580 1916 optimi
599 1865 718 1902 famae:
745 1879 856 1915 quem
871 1866 950 1903 satis
967 1878 1045 1904 tum
1062 1868 1072 1904 i
1103 1867 1144 1912 sa,
1167 1868 1298 1917 quibus
1316 1868 1392 1904 haec
1409 1865 1554 1917 scripfit,
1577 1877 1755 1916 tempora,
1772 1878 1851 1903 tum
1882 1866 2003 1917 operis
2026 1878 2177 1917 quoque
2201 1866 2355 1905 difficul-

250 1927 302 1953 tas
325 1914 478 1953 excusat.
527 1916 572 1952 Et
588 1916 639 1952 est
654 1916 826 1966 profesto
842 1917 1047 1967 proprium,
1070 1880 1106 1954 ἒ(
1128 1916 1222 1967 quasi
1241 1918 1443 1967 ingenitum
1464 1916 1624 1954 humano
1641 1917 1776 1966 generi,
1804 1928 1920 1953 errare
1944 1929 1983 1954 ac
2000 1916 2079 1954 labi.
2159 1917 2269 1954 Nemo
2292 1930 2354 1954 no-

242 1965 359 2013 strum
383 1978 450 2002 non
463 1975 591 2014 peccat,
608 1965 727 2014 inquit
741 1966 808 2011 ille,
824 1966 977 2002 homines
982 1966 1126 2014 firmus,
1144 1980 1209 2004 non
1226 1969 1300 2004 Dii.
1351 1968 1546 2012 Caeterum,
1559 1978 1777 2016 quamquam
1793 1967 2011 2016 Pythagoras
2026 1966 2141 2004 vetuit
2157 1967 2353 2017 quicquam

250 2015 401 2053 inlibris
417 2014 612 2052 immutari:
639 2026 759 2052 tamen
777 2028 860 2052 cum
876 2016 935 2052 hic
950 2016 1025 2066 ipse
1041 2016 1249 2058 Thesaurus
1268 2016 1317 2054 ob
1333 2017 1589 2066 exemplarium
1619 2016 1805 2054 defectum
1829 2016 2081 2054 exscribendus
2101 2018 2199 2067 typis
2221 2017 2354 2055 iterum

251 2065 287 2102 ἃ
304 2065 540 2103 excudendus
558 2065 652 2110 esset,
677 2065 953 2103 existimavimus
967 2066 1074 2104 nobis
1089 2067 1150 2104 alia
1168 2067 1289 2104 onmia
1306 2066 1754 2105 tenenda&observanda:
1779 2067 1947 2116 adeoque
1964 2067 2029 2103 viri
2046 2066 2248 2103 anesim-irati
2263 2066 2355 2104 boni

248 2115 384 2166 publici
398 2115 556 2152 studium
573 2116 874 2166 anteponendum
890 2116 968 2153 elie.
1041 2116 1185 2155 Idcirco
1208 2116 1365 2155 sedulam
1381 2118 1586 2155 navavimus
1611 2129 1773 2167 operam,
1797 2129 1837 2154 ut
1853 2117 1913 2153 hic
1942 2116 2031 2153 liber
2059 2130 2077 2153 a
2099 2115 2212 2166 culpis
2227 2115 2294 2153 suis
2317 2116 2353 2153 ἃ

249 2165 394 2203 maculis
412 2177 681 2215 expurgaretur,
706 2177 876 2216 praeterea
899 2167 937 2203 in
951 2167 1040 2204 locis
1055 2168 1164 2218 longe
1178 2167 1355 2218 plurimis,
1378 2167 1439 2205 ubi
1458 2167 1616 2205 deficere
1629 2167 1828 2212 videbatur,
1844 2168 2069 2217 suppleretur
2081 2177 2354 2215 augereturque,

251 2229 293 2253 ac
308 2215 354 2252 ita
370 2228 448 2252 non
465 2215 671 2265 purgatiore
696 2216 825 2260 modo,
841 2216 901 2254 sed
924 2217 959 2253 s<
976 2217 1147 2255 nitidiore
1163 2231 1203 2255 ac
1218 2217 1371 2256 cultiore
1385 2218 1480 2268 quali
1496 2218 1593 2254 veste
1608 2217 1836 2254 emitteretur
1857 2217 1895 2253 in
1917 2219 2046 2255 lucem.
2095 2216 2145 2252 Sit
2161 2215 2218 2253 sua
2233 2217 2352 2262 cujus·

280 2278 324 2305 ue
342 2265 453 2302 labori
468 2277 576 2313 atque
592 2265 773 2302 industria:
794 2267 884 2306 laus;
906 2267 967 2304 sed
985 2267 1149 2313 fallimur,
1174 2280 1234 2306 aut
1251 2281 1336 2306 vere
1352 2281 1421 2306 nos
1436 2267 1577 2319 gloriari
1591 2267 1796 2318 possumus,
1815 2267 1962 2303 similem
1985 2278 2135 2315 operam
2160 2266 2199 2302 in
2226 2278 2353 2303 recen-

267 2315 364 2352 endo
380 2314 602 2363 edendoque
625 2315 693 2351 isto
710 2328 825 2365 opere
843 2316 1026 2352 neminem
1042 2316 1214 2353 haclenus
1229 2318 1392 2367 posuifl'e.
1447 2318 1669 2355 Evolvantur
1691 2328 1820 2354 omnes
1843 2328 1942 2353 retro
1965 2316 2157 2361 editiones,
2178 2316 2353 2361 invenies,

249 2365 352 2415 plura
368 2377 446 2401 non
462 2364 634 2401 inutiliter
650 2365 798 2414 quidem
816 2366 946 2411 addita,
963 2377 1133 2415 caeteruin
1149 2367 1272 2417 culpas
1289 2368 1477 2416 plerasque
1501 2366 1697 2416 praeteritas
1713 2367 1780 2403 efle
1796 2378 1905 2415 atque
1919 2365 2066 2403 relictas.
2121 2366 2352 2416 Qamquam

250 2414 288 2452 ὅ(
309 2415 467 2453 nostram
484 2414 704 2466 diligentiam
719 2416 827 2453 multa
846 2416 1037 2465 potuerint
1058 2416 1195 2465 fugere.
1270 2415 1506 2468 Qandoque
1534 2417 1652 2453 bonus
1677 2416 1849 2453 dormitat
1867 2416 2062 2453 Homerus.
2136 2416 2181 2453 Et
2198 2428 2237 2452 ut
2253 2415 2351 2466 apud

248 2464 460 2514 Euripidem
477 2465 541 2509 est,
565 2466 603 2501 εἰς
617 2462 687 2509 ἀνὴρ
713 2463 733 2497 ἐ
749 2464 832 2497 πάνθ’
858 2465 922 2510 ἑξεῖ.
972 2465 1297 2517 Qemadmodum
1318 2470 1440 2514 itaque
1455 2476 1525 2502 nos
1547 2465 1695 2511 auctori,
1718 2466 1742 2502 si
1758 2477 1837 2514 quae
1859 2465 2061 2514 deliquerit,
2084 2463 2273 2502 liberaliter
2287 2465 2354 2501 de-

250 2514 369 2551 dimus
385 2513 542 2550 veniam:
568 2513 614 2550 ita
629 2522 670 2551 tu
691 2513 875 2552 Benevole
901 2514 1036 2552 Leclor
1055 2514 1090 2552 ἃ
1119 2515 1226 2552 nobis
1248 2515 1536 2561 recensentibus,
1562 2515 1585 2552 ii
1611 2526 1692 2564 quae
1723 2514 1930 2563 reliquimus
1969 2515 2138 2552 mutanda
2162 2515 2201 2552 in
2215 2515 2354 2560 melius,

249 2562 404 2600 candide
420 2562 595 2612 ignosces.
644 2563 760 2612 Qod
782 2563 805 2600 fi
823 2563 858 2600 δε
879 2564 941 2614 ipsi
959 2564 1049 2610 alibi,
1072 2578 1156 2603 cum
1171 2566 1209 2602 in
1226 2566 1384 2604 veritatis
1403 2565 1562 2603 semitam
1581 2566 1756 2602 reducere
1774 2563 1891 2601 sumus
1908 2564 2030 2601 conati
2047 2563 2145 2610 alios,
2169 2565 2211 2601 ab
2227 2565 2353 2602 eadem

251 2612 484 2657 divertimus,
507 2612 744 2649 nihilominus
772 2624 913 2658 tamen,
939 2614 1056 2663 spero,
1080 2615 1187 2653 nobis
1212 2615 1357 2653 abunde
1394 2614 1587 2665 pulchrum
1609 2627 1649 2651 ac
1669 2612 1916 2652 honorificum
1946 2613 2025 2657 erit,
2049 2613 2153 2660 quod
2171 2614 2353 2650 voluimus

252 2661 429 2712 prodesse.
479 2663 575 2699 Nem
606 2674 626 2698 e
642 2661 746 2711 quod
761 2661 1002 2699 Mad-auxensis
1018 2664 1230 2713 Philosophi
1246 2667 1431 2702 oraculum
1447 2664 1515 2700 est:
1549 2663 1719 2699 Omnibus
1741 2663 1835 2699 bonis
1855 2662 1892 2698 in
1916 2662 2016 2697 rebus
2029 2672 2171 2697 conatus
2186 2664 2223 2696 m
2237 2663 2351 2704 laude,

253 2710 391 2761 assjbc‘lus
412 2711 449 2748 in
463 2711 541 2761 cafh
557 2725 574 2748 e
602 2738 613 2749 .
664 2712 753 2763 Qo
775 2710 1040 2758 concludimus,
1064 2712 1099 2750 ὅ(
1123 2724 1173 2759 te,
1195 2714 1377 2751 Benevole
1392 2711 1535 2757 Leeior,
1562 2711 1669 2749 etiam
1691 2723 1799 2760 atque
1816 2711 1921 2748 etiarn
1937 2709 2056 2747 valere
2077 2709 2253 2757 jubemus.

558 2933 1174 3001 EIVSDEM
1250 2929 2051 3000 PRAEFATIO

723 3035 1088 3071 PRAEMISSA
1124 3037 1431 3071 EDITIONI
1462 3015 1625 3070 ANNI
1657 3033 1863 3069 MDCLV.

469 3197 594 3246 riginta
616 3198 677 3248 ipsi
699 3200 782 3237 anni
806 3199 900 3245 sunt,
926 3201 1029 3250 quod
1051 3200 1211 3240 Thomae
1233 3200 1399 3239 Schureri
1422 3201 1589 3239 Heredes
1614 3199 1721 3237 Basilii
1747 3197 1848 3236 Fabri
1873 3195 2100 3234 Thesaurum
2121 3194 2244 3250 denuo
2272 3194 2348 3234 edi-

340 3171 383 3389 Ι
493 3248 624 3284 derunt
646 3248 779 3298 Lipiiae,
802 3250 1058 3300 interpolatum
1080 3252 1248 3289 nonnihil
1272 3252 1391 3288 nostra
1415 3265 1509 3296 cura,
1535 3252 1646 3299 idque
1668 3250 1706 3287 in
1726 3248 1864 3289 melius,
1891 3247 1927 3283 ni
1951 3258 2019 3282 nos
2045 3256 2227 3293 augurium
2243 3245 2350 3284 animi

494 3296 592 3333 fallit.
642 3299 730 3334 Non
748 3311 858 3348 pauca
882 3300 977 3338 enim
993 3301 1193 3339 sustulimus
1215 3313 1304 3346 tum,
1329 3313 1388 3338 aut
1405 3301 1689 3343 reformavimus,
1709 3311 1789 3348 quae
1804 3297 1933 3334 tradita
1955 3296 2002 3331 ibi
2054 3306 2214 3343 erpeium
2239 3308 2349 3344 atque

493 3345 648 3395 exposita
673 3348 793 3393 client,
807 3362 883 3386 non
899 3362 969 3387 tam
987 3352 1138 3388 auctoris
1154 3351 1255 3396 vitio,
1279 3363 1386 3400 quain
1406 3352 1509 3400 culpa
1533 3362 1753 3400 temporum,
1764 3348 1893 3397 quibus
1908 3347 2019 3394 ingres
2036 3344 2075 3381 iis
2092 3344 2350 3400 ille-hocopus

323 3439 329 3445 η
407 3440 413 3446 .
490 3396 571 3432 fuit.
621 3396 829 3441 Adiecimus
852 3411 1002 3449 quoque
1022 3403 1207 3446 nonnulla,
1222 3402 1321 3438 unde
1336 3401 1373 3437 in
1389 3401 1654 3438 adolescentum
1670 3397 1783 3436 studia
1805 3395 2085 3448 redundaturum
2108 3395 2268 3432 utilitatis
2290 3395 2348 3432 ali-

268 3440 358 3493 quld
383 3442 575 3497 videbatur.
624 3446 680 3482 De
696 3447 825 3494 quibus
851 3461 934 3486 cum
959 3462 995 3487 te
1019 3451 1085 3495 jam
1111 3463 1193 3487 ante
1217 3462 1356 3488 certum
1377 3450 1588 3494 fecerimus,
1615 3447 1746 3486 Lec‘tor
1774 3446 1950 3490 Candide,
1982 3444 2079 3480 caui-a
2103 3456 2181 3480 non
2197 3444 2259 3489 est,
2285 3457 2350 3482 cur

268 3500 308 3524 m
324 3488 484 3545 praeseiiti
507 3506 743 3543 recoquamus
766 3496 829 3532 tibi
852 3497 944 3535 hanc
967 3501 1146 3537 crambem.
1222 3500 1292 3537 Sed
1322 3501 1528 3550 perpurgari
1552 3500 1587 3536 id
1617 3497 1806 3548 temporis,
1830 3496 1865 3532 ὃς
1890 3492 2056 3531 adornari
2086 3505 2169 3529 cum
2192 3494 2280 3531 liber
2302 3496 2350 3532 ita

271 3538 366 3573 haud
388 3539 513 3592 pollet,
528 3553 567 3578 ut
585 3544 671 3581 nihil
687 3544 889 3582 tollendum
906 3560 963 3585 aut
980 3550 1231 3599 relinpendum
1249 3549 1419 3598 amplius,
1456 3550 1543 3586 nihil
1568 3547 1805 3598 supplendum
1832 3541 2146 3596 adjiciendumque
2175 3543 2350 3593 deinceps

271 3585 368 3639 effer,
390 3600 530 3641 Jamque
552 3591 772 3645 sschureriani
792 3596 907 3633 moliti
924 3611 1055 3634 novam
1081 3599 1280 3635 editionem
1298 3601 1343 3636 de
1367 3612 1477 3649 opera
1495 3599 1554 3636 fibi
1571 3598 1728 3634 navanda
1744 3609 1802 3633 me
1822 3593 2090 3644 perhumaniter
2112 3593 2349 3642 appellarent:

271 3635 469 3682 persuaderi
485 3638 598 3692 pallus
610 3643 695 3686 lum,
717 3656 757 3681 ut
780 3644 1009 3683 admoverem
1036 3648 1160 3685 denuo
1184 3643 1346 3693 manu'm,
1372 3648 1407 3685 ἃ
1431 3647 1605 3697 quicquid
1631 3646 1846 3683 annotassem
1869 3642 2012 3678 interim
2034 3641 2350 3690 observallemque,

272 3695 349 3737 quo
366 3684 469 3739 poffip
484 3698 642 3742 ornatius
662 3690 935 3743 instruciiusque
952 3697 1098 3745 prodire
1121 3710 1227 3746 opus,
1242 3711 1287 3733 eo
1305 3699 1523 3734 conferrem.
1599 3696 1772 3748 (Qamvis
1790 3704 1906 3730 autem
1923 3691 1988 3727 hac
2005 3691 2123 3727 nostra
2139 3703 2249 3740 opera
2266 3692 2347 3727 infi-

272 3743 356 3767 ”ffls
370 3734 525 3787 Pstl’tlbus
543 3736 676 3773 auchor
701 3740 735 3775 ἃ
751 3741 968 3792 locupletior
982 3746 1018 3781 in
1037 3758 1161 3782 manus
1177 3758 1254 3782 tuas
1277 3759 1375 3783 nunc
1397 3747 1515 3783 veniat
1541 3747 1641 3783 liber:
1677 3747 1780 3782 talem
1802 3754 1922 3779 tamen
1946 3740 1979 3777 sc
2002 3741 2168 3776 UOssdUffl
2191 3741 2348 3783 exhibe&

274 3793 382 3827 quem
401 3783 505 3818 velim
519 3796 601 3821 cum
626 3788 788 3834 maxime,
803 3795 1015 3843 qualemque
1042 3807 1157 3831 extare
1174 3795 1350 3832 interesset
1370 3807 1474 3844 quam
1498 3796 1691 3848 plurimum
1719 3791 1983 3831 adolescentum
2008 3790 2142 3833 studiis,
2178 3801 2218 3826 ur
2240 3803 2346 3838 quam

272 3829 469 3876 PfflClffima
484 3831 522 3869 in
538 3845 583 3870 co
598 3835 640 3871 ad
656 3836 844 3876 lethonem
861 3841 896 3877 ὃς
917 3844 1168 3893 cognitionem
1191 3845 1414 3893 optimorum
1438 3847 1620 3882 auctorum
1644 3845 1818 3890 cujusque
1841 3839 1981 3888 generis
2007 3838 2189 3876 neceffiria
2211 3839 2344 3875 deiide—

2175 3900 2337 3925 rarentur
