2467 4028
851 159 1498 203 P--RAEFATIONES.

114 268 287 299 rarentur.
342 255 413 294 Sed
430 255 513 293 dare
526 250 703 300 ejusmodi
726 247 903 293 Lexicon,
918 260 1041 296 neque
1064 245 1171 283 unius
1195 243 1367 289 hominis,
1393 242 1428 280 ὅ(
1444 254 1584 281 tantum
1602 255 1729 281 eorum
1746 242 1808 289 est,
1822 242 1885 292 qui
1900 241 2008 280 solida
2032 244 2205 282 eruditio-

122 322 170 347 ne
181 314 266 345 vnon
282 306 398 344 modo
412 304 619 353 judicioque
635 301 809 338 excellant
825 297 910 342 aliis,
930 298 991 334 sed
1014 296 1132 333 eidem
1149 295 1302 344 negotio
1319 292 1425 330 etiam
1441 293 1511 331 toti
1535 293 1666 343 pollint
1688 306 1821 330 vacare.
1879 293 1997 330 Nobis
2014 307 2091 331 non
2110 295 2208 333 licuit

116 357 327 409 impendere
341 354 536 406 plusculum
551 350 740 401 temporis,
756 361 864 398 quam
881 346 1084 397 relegendis
1107 345 1252 394 pagellis
1274 343 1449 381 sufficeret
1466 371 1477 389 ,
1509 342 1544 380 ἃ
1560 342 1807 392 consignandis
1831 344 2060 385 tumultuaria
2085 357 2208 391 onera,

118 421 198 458 quae
219 406 426 443 incidebant
438 401 609 452 cogitanti
630 400 760 444 obiter,
776 410 836 435 aut
856 397 988 447 sponte
1013 409 1057 433 ex
1073 393 1274 442 adversariis
1304 393 1435 430 nostris
1460 393 1495 430 se
1523 393 1655 429 dabant
1683 393 1726 428 ad
1754 405 1909 430 manum.
1982 380 2150 443 Namque
2173 394 2209 431 ἃ

144 456 383 507 roperandum
405 464 488 497 erat,
509 449 758 488 festinantibus
776 449 909 498 operiS,
935 460 975 484 ac
996 458 1065 483 nos
1083 443 1232 481 subinde
1247 455 1377 492 urgent
1393 443 1454 480 alia
1475 456 1515 479 ac
1537 442 1780 491 interpellant:
1832 442 1868 479 δε
1881 444 2082 480 cavendum
2108 446 2208 492 post-

144 518 277 552 aec,·ne
292 503 434 541 nimiam
451 502 490 538 in
504 501 638 541 molem
656 498 874 536 excresceret
890 498 989 534 liber.
1061 495 1118 531 Sic
1136 494 1235 531 venit
1253 494 1327 538 usu,
1350 504 1391 529 ut
1417 492 1651 529 differrentur
1675 504 1753 527 non
1775 504 1885 540 pauca
1906 493 1945 530 in
1974 494 2078 530 alium
2095 494 2211 534 die1n3

117 556 218 593 elabe
239 565 343 592 entur
358 564 475 590 autem
491 549 664 588 nonnulla
689 561 729 585 ac
744 547 981 598 praeterirent,
997 557 1076 594 quae
1095 544 1305 594 indigebant
1322 542 1465 580 censura
1482 556 1522 579 ac
1539 543 1635 581 limam
1662 552 1752 584 tum,
1769 553 1847 589 quae
1865 556 1939 580 non
1956 542 2033 580 satis
2054 557 2211 594 compo-

118 606 178 644 fita
244 601 405 641 ordinata
422 601 645 645 videbantur,
673 598 963 646 relinquerentur
976 594 1076 632 ficuti
1097 606 1209 631 erant.
1280 593 1440 632 Existent
1457 593 1513 630 alii
1528 591 1626 629 forte
1649 591 1733 641 post
1754 602 1835 634 nos,
1858 593 1987 640 quibus
2010 592 2086 631 haec
2106 604 2212 630 erunt

118 668 228 694 cunm
254 665 322 690 nec
339 665 378 689 ea
391 662 530 689 tantum
554 661 633 698 quae
650 648 855 686 fefellerunt
873 645 1080 683 industriam
1099 644 1269 689 nostram,
1279 643 1464 679 vocabunt
1482 642 1524 679 ad
1541 653 1671 692 partes,
1685 640 1757 687 sed
1773 641 1910 677 nostras
1934 655 2083 692 quoque
2101 643 2213 681 hallu-

120 703 318 742 cinationes
334 713 412 739 non
430 699 672 738 inhumaniter
687 697 899 734 traciabunt.
949 694 1132 732 Homines
1151 693 1282 738 sumus,
1300 705 1379 729 non
1396 691 1457 729 dii.
1509 690 1654 729 Deinde
1670 690 1783 727 docet
1802 690 1961 740 priorem
1985 692 2123 742 semper
2145 707 2214 744 po-

119 753 248 791 sterior
266 752 353 789 dies.
402 750 549 788 Interim
572 748 677 786 ausim
700 747 850 797 sperare,
865 746 934 783 hac
950 758 1026 782 mea
1042 756 1153 794 opera
1169 742 1329 790 adjutum
1344 741 1387 778 iri
1409 741 1504 779 haud
1520 754 1645 791 parum
1663 752 1790 776 eorum
1812 739 1947 785 studia,
1971 743 2033 790 qui
2057 745 2093 780 in
2118 743 2215 781 Lati-

119 804 175 841 nis
191 800 299 840 literis
313 800 357 838 ad
372 800 481 838 Musae
503 798 634 836 veteris
657 796 836 848 proficere
854 795 1011 846 genium,
1036 793 1072 830 ἃ
1088 793 1278 843 elegantias
1301 791 1488 829 auctorum
1505 803 1583 829 non
1599 803 1638 827 ea
1655 800 1795 827 tantum
1812 800 1856 826 ex
1874 801 1977 839 parte
1998 803 2125 841 capere
2142 795 2216 830 stu-

120 853 220 896 dent,
246 864 315 900 qua
336 850 486 901 publicae
507 849 587 886 sunt
603 847 638 884 δε
660 848 797 884 exstant
814 845 852 883 in
868 846 1020 890 summo,
1052 843 1114 881 sed
1136 855 1206 892 qua
1229 842 1407 879 recedunt
1432 841 1539 878 etiam
1561 839 1847 888 abstruduntque
1869 840 1923 885 se,
1970 852 2010 877 ut
2035 842 2144 882 virtus
2177 855 2217 880 ac

119 900 352 953 pulchritudo
370 912 489 936 earum
506 897 695 947 quaerenda
708 897 804 933 intus
822 896 858 932 δε
873 894 1028 933 eruenda
1046 892 1178 930 veniat.
1229 892 1319 930 Haee
1336 891 1442 941 copia
1461 891 1558 928 enim
1573 902 1613 928 ut
1630 890 1714 927 esset
1731 888 1921 934 omnibus,
1955 889 2122 928 dedimus
2144 906 2216 929 ma-

121 953 217 989 xime
233 962 392 1000 operam,
415 948 599 999 profuturi
617 961 660 984 ex
675 959 781 995 aequo
805 945 1017 983 discentium
1041 942 1183 991 studiis,
1208 941 1245 978 ἃ
1276 941 1407 991 quibus
1429 940 1592 978 docendi
1612 939 1799 990 provincia
1822 939 2010 977 incumbit.
2084 943 2217 991 Neque

120 1002 217 1038 enim
233 999 515 1038 diffimulandum
533 998 596 1041 est,
615 996 763 1047 reperiri
778 996 872 1032 haud
895 994 1149 1043 infrequenter
1163 993 1202 1029 in
1222 991 1352 1030 scholis
1376 991 1474 1028 viros
1495 990 1628 1036 bonos,
1653 989 1717 1038 qui
1732 1001 1809 1025 11011
1832 989 1985 1026 feliciter
2000 989 2077 1027 satis
2107 990 2142 1028 ἃ
2166 993 2217 1029 10-

119 1063 204 1102 gant
218 1050 552 1099 &interpretentur
574 1047 743 1095 antiquos
753 1045 939 1083 auctores:
962 1044 1066 1093 quod
1079 1054 1203 1092 neque
1225 1054 1353 1080 eorum
1370 1040 1471 1078 usum
1493 1052 1716 1090 magnopere
1730 1039 1920 1076 habuerint
1941 1050 2035 1086 ante,
2059 1042 2095 1077 ὅ(
2111 1042 2218 1079 desti·-

121 1101 191 1140 tuti
206 1099 370 1151 praefidiis
392 1098 436 1135 ad
451 1096 670 1135 intelleclum
696 1109 823 1133 eorum
846 1096 904 1132 vix
921 1106 1082 1143 unquam
1105 1093 1272 1143 aspirent.
1347 1091 1523 1140 Vtrisque
1540 1090 1648 1140 igitur
1677 1100 1718 1127 ut
1733 1088 2000 1127 consuleremus
2008 1116 2019 1136 ,
2055 1102 2220 1131 nonnos

70 1150 73 1156 '
121 1147 732 1189 deterruitlaboriosareihumilitas.
781 1148 881 1185 Vere
903 1145 1012 1190 enirn,
1029 1144 1067 1181 ni
1081 1143 1195 1189 fallor,
1210 1143 1271 1180 hic
1287 1140 1374 1181 illud
1397 1141 1557 1179 obtinet:

584 1234 709 1273 Fronte
738 1232 826 1270 exile
851 1231 1037 1280 negotium,

583 1292 628 1329 Et
650 1292 792 1341 dignum
809 1290 933 1341 pueris
956 1299 1069 1339 putes.

121 1382 224 1423 Tum
246 1381 350 1433 quod
373 1351 510 1420 ibidem
533 1377 706 1430 sequitur,

582 1464 752 1516 Aggrffs
775 1464 870 1504 labor
900 1465 1047 1506 arduus,

587 1527 660 1564 Nec
683 1526 862 1564 trac‘labile
879 1525 1015 1575 pondus
1042 1521 1096 1571 est.

125 1610 314 1666 Egregium
330 1610 384 1649 alii
400 1622 509 1660 atque
526 1611 754 1662 magnificum
769 1622 913 1661 putent,
935 1611 1073 1648 Perfios
1089 1609 1294 1658 AEliosque,
1314 1607 1391 1645 1100
1412 1607 1484 1652 est,
1512 1603 1734 1642 doetiffimos
1766 1615 1935 1652 quosque
1958 1604 1997 1640 in
2021 1604 2225 1644 admiratio-

127 1664 296 1700 neminis
311 1660 453 1695 trahere
468 1661 624 1711 scriptis;
655 1674 724 1698 nos
748 1660 845 1708 juvet
880 1660 1017 1696 interea
1041 1660 1214 1696 utilitates
1235 1669 1409 1705 tyronum
1434 1664 1517 1690 ante
1537 1655 1684 1701 gloriam
1710 1654 1867 1687 nostram
1892 1653 2036 1698 habere,
2063 1654 2099 1690 ἃ
2120 1656 2228 1692 studii

127 1710 271 1762 potius,
296 1707 523 1761 quam-famae
539 1720 665 1756 petere
688 1710 844 1756 gratiam.
897 1711 1015 1758 Qam
1032 1707 1095 1756 qui
1117 1705 1285 1743 affee‘tant
1302 1705 1464 1747 maxime,
1488 1702 1549 1739 fibi
1565 1702 1652 1738 dant
1676 1714 1837 1750 operam,
1867 1714 1947 1737 non
1971 1703 2041 1738 aliis
2070 1704 2228 1742 student.

128 1762 310 1799 Caeterum
327 1756 373 1793 de
391 1760 476 1800 nne,
493 1754 528 1791 ὅ(
541 1755 616 1799 usu,
631 1756 667 1792 ἃ
685 1767 762 1792 tota
782 1757 922 1792 ratione
940 1755 1073 1803 operis,
1101 1767 1170 1802 qua
1185 1754 1389 1790 institutum
1415 1754 1466 1789 est
1482 1752 1652 1800 primum,
1675 1750 1697 1785 s1
1722 1749 1862 1798 plenius
1894 1751 1996 1798 cupis
2018 1751 2142 1789 doceri
2168 1754 2229 1791 ad—

128 1810 245 1848 eunda
267 1806 331 1845 tibi
353 1805 577 1855 Fabriipfius
593 1805 758 1842 Praefatio
781 1805 845 1849 est,
869 1817 977 1853 quam
992 1815 1070 1839 eam
1091 1806 1140 1839 ob
1158 1802 1292 1839 causam
1309 1801 1545 1847 adjiciendam
1569 1799 1780 1843 curavimuS.
1830 1799 1987 1837 Consilia
2002 1801 2098 1839 enim
2114 1802 2151 1840 ἃ
2166 1816 2228 1841 00-

128 1861 234 1911 girata
259 1857 367 1895 animi
384 1856 534 1907 ipsemet
552 1857 706 1905 quisque
721 1855 863 1905 optime
884 1852 1134 1902 verissimeque
1151 1850 1352 1901 exequitur.
1408 1851 1574 1887 Tantum
1596 1849 1659 1886 est.
1723 1848 1826 1886 Vale.

206 2080 970 2161 CHRISTOPHORI
1013 2077 1500 2161 CELLARII
1545 2076 2164 2161 PRAEFATIO,

487 2204 875 2243 PRAEMISSA
927 2199 1265 2241 EDITIONI
1313 2200 1487 2240 ANNI
1525 2200 1921 2242 MDCLXXXXII.

323 2376 461 2415 ondum
484 2373 694 2412 sexennium
719 2375 783 2426 est,
810 2387 924 2424 quum
941 2374 1193 2424 integerrimus
1221 2373 1284 2419 vir,
1310 2371 1360 2411 [o.
1386 2372 1589 2410 Fridericus
1613 2370 1822 2419 Gleditsch,
1845 2375 2046 2413 Bibliopola
2075 2373 2235 2428 Lipsien-

343 2427 395 2472 fis,
421 2426 709 2476 supplementum
733 2424 909 2462 Thesauri
932 2423 1318 2468 Fabro-Buchneriani,
1344 2435 1455 2473 quem
1478 2422 1602 2459 denuo
1627 2422 1788 2460 editurus
1814 2436 1908 2469 erat,
1941 2413 1975 2461 a¹
1988 2439 2046 2462 me
2073 2424 2237 2464 humani-

345 2489 401 2514 ter
418 2487 570 2525 rogaret,
596 2475 657 2523 qui
674 2475 776 2523 quod
806 2487 934 2511 eorum
951 2473 1060 2510 literis
1078 2473 1218 2518 adjutus
1239 2472 1352 2515 venit,
1376 2484 1533 2519 quorum
1549 2471 1658 2506 cauffi
1674 2471 1761 2507 nihil
1781 2473 1921 2520 poffum
1945 2474 2125 2516 recusare3
2159 2490 2237 2513 non

347 2525 536 2563 dificulter
559 2523 774 2571 impetravit,
797 2534 837 2556 ut
861 2533 1010 2568 operam
1024 2533 1141 2555 meam
1156 2520 1224 2554 suis
1242 2519 1449 2555 commodis
1474 2519 1677 2567 pollicerer.
1752 2522 1843 2557 Non
1858 2521 1954 2558 enim
1974 2523 2136 2562 futurum
2164 2526 2237 2563 exi-

358 2574 550 2614 stimabffib
572 2581 613 2605 ut
629 2569 758 2604 nimius
786 2569 886 2605 labor
899 2568 936 2604 in
958 2567 1020 2604 illo
1037 2578 1151 2617 opere
1175 2566 1377 2616 superesset,
1402 2567 1441 2604 in
1463 2580 1539 2616 quo
1555 2567 1742 2605 dotstiffimi
1757 2569 1821 2606 viri
1835 2581 1907 2607 tam
1930 2573 2044 2622 longo
2068 2585 2238 2626 tempore

139 2623 372 2662 desudass'ent.
444 2621 568 2669 Qum
605 2628 691 2654 vero
725 2630 867 2654 manum
894 2617 1089 2654 admovere
1120 2617 1239 2665 coepi,
1272 2616 1458 2666 ingentem
1492 2617 1653 2661 laborem
1683 2618 1924 2668 deprehendi,
1950 2621 2053 2671 quod
2076 2624 2238 2675 exceptis

142 2671 407 2714 Buchnerianis,
433 2668 504 2705 fine
517 2666 661 2703 auc⁰tore
677 2667 804 2705 multsu
829 2666 906 2703 fere
927 2666 1047 2703 omnia
1061 2665 1132 2704 fine
1149 2664 1302 2702 auctoris
1319 2665 1491 2711 seffione,
1516 2666 1591 2703 hoc
1605 2668 1657 2703 est
1673 2668 1798 2714 Libro,
1823 2670 1974 2720 Capite,
2000 2673 2112 2711 Versu
2158 2675 2236 2713 1110-

138 2735 234 2773 g3t23
262 2721 497 2757 &innumera
519 2715 691 2752 vocabula
707 2715 947 2770 lir·aeter1nillh;
977 2716 1066 2765 scepe
1083 2715 1189 2752 etiam
1203 2716 1309 2764 longa
1325 2716 1411 2753 serie
1437 2716 1598 2765 quaedam
1622 2716 1694 2754 fine
1715 2721 1896 2769 exemplO,
1918 2720 1990 2758 fine
2014 2702 2236 2763 testimonio-

138 2771 238 2810 nude
259 2767 439 2821 recensita⁴
460 2777 572 2810 erant,
597 2777 636 2802 ut
662 2765 813 2819 dubitari
837 2765 1019 2815 potuill‘et,
1044 2777 1165 2802 utrum
1180 2765 1303 2802 Latina
1317 2765 1385 2811 illa,
1401 2779 1445 2803 an
1464 2766 1605 2803 barbara
1629 2779 1688 2804 aut
1713 2768 1945 2808 semibarbara
1969 2772 2079 2811 essent
2205 2753 2239 2813 ui

139 2822 237 2859 enim
252 2819 359 2870 primi
383 2815 594 2872 001100101οε
617 2815 722 2870 hujus
745 2815 868 2852 Lexici
886 2815 1047 2861 suerunt,
1078 2814 1171 2854 aliud
1193 2814 1254 2852 fibi
1298 2815 1500 2865 ropositum
1515 2815 1700 2863 habuere,
1731 2831 1840 2867 quam
1861 2831 1902 2857 ut
1924 2803 2090 2860 fincrulos'
2117 2825 2226 2863 libros

140 2871 240 2909 unde
257 2870 313 2906 sua
335 2865 742 2920 hau11ssent,·d1stmc'tms
758 2864 970 2910 indicarent,
985 2865 1120 2902 nedum
1137 2824 1338 2902 minoribus
1354 2866 1433 2904 illos
1449 2865 1562 2903 incifis
1579 2866 1875 2907 discriminarent.
1925 2854 2086 2911 Fuferunt
2129 2853 2239 2913 ostea⁷

141 2918 206 2971 qui
229 2921 371 2974 Graecas
386 2917 591 2972 1011ςο111135,
617 2914 652 2951 ὃ(
674 2915 980 2970 Philosophorum
1007 2915 1160 2964 aliasque
1185 2914 1349 2952 historias
1373 2916 1579 2962 adjicerent,
1604 2929 1681 2954 rem
1700 2917 1781 2955 sane
1806 2919 1901 2957 haud
1923 2921 2087 2961 inutilem
2101 2888 2239 2963 petiani

141 2971 320 3020 juventuti
335 2966 570 3022 necessariam,
597 2963 658 3020 sed
674 2964 717 3001 ad
734 2965 905 3002 Lexieum
930 2964 1130 3002 Latinitatis
1154 2965 1270 3015 per'se
1291 2978 1369 3002 non
1386 2967 1642 3016 pertinentem.
1695 2968 1769 3018 Qui
1785 2970 1921 3019 aptiora
1937 2952 2152 3012 attuleruiit·
2184 2976 2239 3013 vel

140 3021 219 3058 fato
235 3028 419 3069 praeventi,
446 3015 503 3052 vel
518 3021 589 3052 alus
604 3014 768 3064 impediti
787 3015 952 3064 negotiis,
977 3014 1159 3065 inceptam
1182 3016 1290 3052 telam
1322 3016 1558 3062 abruperunt,
1582 3029 1696 3066 quum
1722 3019 1780 3056 vix
1806 3020 1869 3056 uni
1909 3022 2080 3072 alterique
2109 3002 2240 3063 Literce

141 3069 352 3122 institissent.
401 3065 583 3115 Augustus
609 3076 725 3119 autem
750 3065 974 3109 Buchnerus,
999 3078 1038 3101 ea
1060 3065 1166 3102 semel
1192 3063 1374 3109 &iterum
1402 3066 1552 3111 addidit,
1567 3066 1602 3103 ὃ(
1618 3069 1701 3117 post
1724 3081 1880 3107 mortem
1897 3071 2062 3110 addenda
2084 3076 2146 3112 reli
2166 3051 2229 3113 r‘biit

143 3132 223 3169 quae
238 3114 586 3171 Thesaurumhunc
607 3114 901 3163 lulgentisfimum
920 3113 1131 3152 efficiebant.
1204 3115 1318 3165 Qod
1342 3115 1366 3152 11
1389 3115 1474 3153 huic
1496 3116 1636 3154 summo
1658 3119 1736 3155 viro
1761 3120 1817 3156 vel
1848 3122 2087 3161 constitutum
2111 3088 2241 3163 fuiiihti

143 3170 198 3206 vel
213 3181 278 3223 per
293 3166 380 3204 alios
398 3162 819 3218 licuiss‘ethonestiffimos
837 3166 986 3207 labores,
1014 3176 1064 3210 ut,
1094 3160 1196 3214 quod
1216 3165 1355 3214 sparsim
1380 3166 1528 3210 fecerat,
1545 3167 1650 3204 etiam
1669 3181 1733 3217 per
1754 3168 1900 3218 singulas
1928 3182 2037 3210 voces
2055 3173 2091 3210 6<
2119 3147 2240 3212 0011113

144 3230 247 3273 nenti
270 3228 392 3266 opera,
417 3215 515 3268 hunc
534 3213 660 3250 librum
677 3214 906 3254 reformarem
956 3214 1169 3251 haberemus
1187 3214 1267 3252 sane
1291 3215 1609 3266 incomparabilem
1634 3218 1848 3264 thesaurum,
1875 3219 1921 3266 ἃ,
1946 3223 2049 3271 quod
2071 3225 2240 3262 omnibus

144 3265 575 3324 satisfaceretkLexicum.
623 3263 704 3309 Sed,
735 3264 863 3318 credo,
883 3263 938 3301 sua
955 3275 1096 3301 tantum
1112 3264 1278 3309 inserere,
1295 3276 1373 3302 non
1387 3266 1508 3302 omnia
1526 3278 1729 3316 repurgare,
1746 3271 1883 3306 animus
1899 3271 1986 3311 fuit;
2013 3285 2089 3321 quo
2107 3274 2259 3312 saelum·

147 3318 210 3373 est,
231 3328 271 3353 ut
287 3320 412 3352 intaeta
432 3325 534 3367 paene
552 3312 662 3367 multa
688 3314 987 3362 relinquerentur,
1018 3327 1097 3363 quae
1113 3314 1211 3351 aliam
1228 3318 1348 3351 curam
1372 3311 1663 3365 medicinamque
1689 3319 1922 3367 postularent.
1974 3319 2065 3359 Mihi
2091 3323 2239 3362 tandem

148 3365 333 3422 lrnpofitus
349 3365 458 3419 labor,
487 3361 547 3399 ied
570 3360 738 3407 dlffilfior,
764 3376 872 3412 quam
886 3375 929 3417 ut
951 3377 1086 3400 novem
1102 3364 1292 3410 mensibus,
1316 3365 1447 3413 quibus
1462 3365 1751 3418 circumscriptus
1768 3380 1875 3414 erum,
1897 3364 2074 3408 exhauriri
2105 3385 2239 3423 potue⁸

148 3428 205 3453 nt.
254 3417 302 3452 lta
318 3425 423 3451 etlam
438 3424 559 3462 opem*
586 3412 768 3467 urgebunt,
794 3423 833 3449 ut
857 3413 962 3449 nimis
979 3413 1065 3450 mihi
1083 3414 1351 3463 properandum
1377 3415 1473 3460 estet,
1498 3417 1618 3453 inultis
1640 3416 1886 3467 fiepenumero
1902 3420 2029 3457 feliciis
2075 3431 2156 3471 quae
2172 3424 2239 3462 alio

151 3476 316 3514 tempore
333 3472 597 3500 excuterentur.
631 3463 851 3519 ,Vix-autem
870 3462 1008 3511 perucia
1033 3463 1147 3500 editio
1172 3474 1258 3507 erat,
1283 3463 1318 3500 ἃ
1335 3464 1451 3501 invito
1470 3478 1527 3501 me
1544 3477 1682 3503 nomen
1699 3480 1819 3504 meum
1836 3448 2078 3518 praescriptuin
2096 3484 2101 3491 ⁴
2125 3486 2238 3522 quum

152 3514 196 3550 ad
211 3524 340 3567 novam
355 3525 411 3549 me
431 3511 589 3567 legendo
617 3509 652 3546 δε
678 3511 889 3548 adnotando
920 3513 1127 3562 praeparavi,
1152 3512 1187 3548 ἃ
1213 3525 1292 3561 quae
1320 3514 1531 3563 reliqueram
1563 3517 1722 3553 exclusus
1751 3529 1937 3566 tempore,
1964 3519 2010 3556 ita
2051 3497 2241 3561 seir-aelate

151 3574 271 3611 coepi,
286 3574 327 3599 ut
341 3575 446 3616 vacua
462 3566 676 3610 lupplerem,
692 3561 830 3615 turbata
846 3561 1071 3608 ordinarem,
1086 3563 1191 3600 ctiam
1212 3562 1403 3600 resecarem
1421 3564 1472 3601 bis
1488 3563 1612 3614 pofita,
1631 3578 1690 3603 aut
1706 3567 1820 3603 alieno
1836 3568 1922 3604 loco
1935 3567 2097 3608 insert-ata
2160 3575 2238 3611 Nu«

153 3622 292 3667 merum
315 3611 519 3665 addltorum
539 3619 724 3657 nunquam
740 3623 813 3665 11111,
839 3622 908 3646 1100
931 3612 1035 3660 potui
1067 3611 1169 3648 facile
1191 3611 1229 3648 111
1250 3624 1347 3649 tanta
1377 3613 1484 3663 copia
1516 3614 1551 3651 ἃ
1587 3615 1829 3652 multitudine.
1908 3599 2109 3659 Minimum·
2141 3623 2240 3660 dixe*

91 3690 95 3693 Α
152 3674 231 3705 rim,
254 3660 277 3696 fi
302 3661 438 3696 millena
454 3661 625 3697 vocabula
649 3660 826 3713 111-00111110,
853 3672 982 3709 praeter
1001 3662 1162 3710 exempla
1184 3675 1291 3706 nora,
1314 3675 1500 3711 novasque
1517 3664 1802 3709 observationes,
1826 3664 2060 3708 adfirmarem.
2110 3656 2240 3710 Exere*

153 3711 265 3748 sceret
309 3721 490 3763 numerus,
517 3708 708 3764 fifiradus
733 3720 839 3745 etiam
865 3710 908 3745 ad
949 3710 1119 3748 calculum
1145 3724 1332 3756 vocarem,
1356 3712 1478 3749 secure
1508 3714 1549 3750 ab
1575 3714 1644 3750 aliis
1670 3715 1936 3762 praetermiflbs,
1959 3719 2097 3757 Lexico
2122 3708 2241 3759 autem

154 3771 384 3814 cum—primis
400 3759 618 3813 neceffarios,
644 3769 684 3794 ut
703 3758 866 3812 constare
890 3759 1007 3808 poffit,
1041 3768 1198 3808 quorum
1225 3762 1440 3807 Nominum,
1462 3775 1521 3799 aut
1537 3762 1814 3812 participiorum
1839 3768 2076 3806 :emulantium
2112 3770 2147 3807 &
2163 3769 2240 3809 Ad..

155 3809 360 3846 verbiorum
377 3808 653 3858 Compara-imos
677 3820 716 3843 ae
732 3807 973 3857 §aperlativos
995 3808 1076 3846 usus
1099 3810 1318 3860 antiquitatis
1334 3811 1434 3857 serat,
1460 3811 1496 3848 ὅ(
1512 3824 1669 3861 quorum
1690 3813 1841 3864 respuat.
1889 3818 1980 3856 Non
2002 3797 2100 3857 0111111
2124 3827 2243 3858 analo-

1276 3892 1291 3897 »
1480 3860 1504 3897 b
2186 3871 2243 3920 giss
