2467 4028
563 179 940 221 PRAECIPVAE
963 178 1228 216 PRIORVM
1254 176 1610 213 EDITIONVM
1631 173 2101 213 PRAEFATIONES.

278 277 438 315 Lexicon
458 270 637 309 dederunt
659 267 775 303 multo
791 266 951 314 amplius.
1032 263 1102 300 Sed
1118 274 1166 299 ne
1183 262 1228 299 fic
1244 261 1394 310 quidem
1415 261 1536 299 omnia
1555 263 1622 300 elle
1639 262 1805 298 exhausta
1828 260 1998 297 videntur
2017 259 2097 296 viris
2113 260 2263 297 minime
2284 260 2358 309 glo-

276 328 333 364 ria:
350 326 488 361 illorum
504 317 642 357 invidis.
733 316 784 352 uis
801 314 935 352 deinde
953 314 1101 350 miretur
1110 312 1275 349 Lexicon
1290 311 1419 361 linguae
1428 311 1561 348 Latinae
1569 324 1636 362 per
1650 311 1761 349 libros
1779 323 1857 347 non
1876 310 1957 347 sane
1974 309 2124 346 nimium
2143 309 2285 347 multos
2303 309 2357 346 di-

275 374 405 420 sper-lie,
416 371 477 409 sed
492 381 554 408 eos
570 364 833 403 difficultatibus
848 364 982 412 magnis
992 362 1139 407 obsitos,
1165 362 1206 399 ab
1223 360 1364 410 singulis
1381 360 1602 406 hominibus,
1632 361 1696 411 qui
1707 373 1783 410 quo
1802 362 1881 410 plus
1900 359 2035 409 ingenii
2055 358 2195 396 adferre
2211 359 2359 410 possent

276 421 319 463 ad
333 424 490 460 laborem
507 429 605 461 eum,
628 427 731 452 tanto
747 415 828 452 sunt
843 415 896 452 vel
912 412 1211 463 impatientiores,
1233 411 1290 448 vel
1304 409 1376 448 aliis
1389 410 1427 447 in
1444 411 1554 448 rebus*
1570 411 1841 461 occupatiorem
1868 410 1998 458 quibus
2014 409 2138 458 exigua
2160 409 2247 446 lucri
2264 410 2357 459 speS,

274 474 382 525 gloria
405 470 510 507 etiam
534 466 655 503 minor
677 464 861 515 propofita
881 463 952 508 est,
981 462 1150 499 nondum
1179 460 1333 512 potuiss‘e
1354 461 1401 499 ita
1431 461 1606 510 expoliri,
1632 472 1672 498 ut
1696 473 1775 497 non
1801 460 1941 497 relic‘tus
1963 458 2003 496 fit
2028 458 2277 496 emendationi
2301 460 2355 496 lo·

274 537 337 562 cus
377 525 414 558 ⁰?
455 515 634 567 Equidem
648 515 701 553 uti
718 514 812 551 suam
828 513 969 551 laudem
992 512 1129 549 nemini
1144 511 1311 556 invideo,
1336 510 1383 548 ita
1398 511 1548 560 gloriam
1569 511 1657 548 mihi
1678 522 1818 549 tantum
1835 510 1932 546 abest
1945 536 1956 555 7
1979 520 2020 546 ut
2035 521 2080 546 ex
2094 509 2228 553 labore,
2245 521 2358 557 quem

274 584 351 611 non
366 571 444 608 sine
460 566 684 604 mediocrem
700 564 864 608 sustinui,
885 568 1017 613 petam,
1037 573 1078 598 ut
1096 561 1237 598 veniam
1259 561 1383 611 potius
1402 560 1438 598 ἃ
1461 561 1771 611 praetermiss‘orum
1804 559 1995 609 exposcam
2015 557 2051 594 &
2074 558 2357 603 commissorum,

273 624 310 660 in
325 620 454 670 quibus
469 629 588 655 autern
607 628 647 652 ea
668 614 871 664 computari
887 611 1069 666 nolimnfi
1084 624 1154 661 qua
1179 623 1246 661 per
1268 622 1384 647 meam
1401 625 1418 648 a
1436 611 1674 661 typographis
1697 609 1886 647 absentiam
1901 608 2001 646 secus
2016 607 2359 652 administratasunt,

273 684 330 709 aut
345 679 479 706 mutata
496 680 513 713 a
528 668 566 705 B.
582 664 742 702 Stiibelio
759 669 786 701 Ρ.
834 662 923 699 Illud
940 662 1135 712 praelertim
1151 674 1175 697 o
1205 661 1375 706 triverim,
1396 673 1437 698 ut
1452 660 1475 697 fi
1492 661 1570 709 quis
1584 661 1822 698 inclementer
1854 659 2013 696 iudicare
2036 657 2082 694 de
2106 657 2212 694 nobis
2229 657 2355 695 volue-

271 721 334 765 rit,
359 719 416 756 ille
434 728 582 755 centum
598 727 680 752 ante
697 713 841 763 paginas
855 713 1008 762 integras
1026 711 1131 758 hujus
1146 724 1165 747 e
1195 709 1317 747 itionis
1334 723 1417 748 curn
1432 710 1597 761 proxime
1613 710 1789 760 superiori
1812 707 2013 746 contendat
2024 735 2034 753 ,
2060 720 2166 756 quam
2183 707 2356 754 judicium

271 780 460 821 expromat
482 766 601 810 suum,
627 764 662 800 ἃ
677 763 701 800 fi
716 766 773 801 vel
789 763 834 800 sic
863 762 1077 800 maledicere
1100 760 1163 812 ipsi
1193 760 1337 798 libuerit:
1351 788 1362 806 ‚
1385 773 1426 798 ut
1447 760 1526 806 ubi,
1551 760 1587 797 &t
1602 761 1731 811 quibus
1747 760 1785 796 in
1807 760 1913 797 rebus
1928 768 2119 808 peccatum
2134 756 2186 802 fit,
2208 756 2358 796 indicet.

270 820 404 868 Neque
421 816 518 854 enim
534 813 792 859 detrectamus,
815 825 899 862 vquo
915 812 1032 849 minus
1050 812 1105 848 vel
1125 824 1208 848 cum
1224 810 1349 857 injuria
1369 811 1483 860 aliqua
1502 811 1641 856 nostra,
1665 811 1753 849 liber
1778 822 1857 847 non
1879 807 2067 856 juvenibus
2089 818 2230 844 tantum
2252 806 2354 856 cupi-

270 871 325 908 dis
343 869 523 907 literarum
541 863 738 902 utiliffimus
749 891 759 908 ,
787 863 921 912 quibus
938 861 1121 913 praecipue
1136 872 1275 898 aetatem
1294 860 1492 898 dicavimus
1509 860 1750 906 nostram7sed
1770 859 1852 897 viris
1867 858 1975 895 etiam
1991 856 2230 898 commodus,
2244 856 2357 905 magis

269 919 455 969 magisque
474 913 702 952 emendetur.
740 916 867 952 Vnum
885 912 1057 963 superest,
1067 911 1171 961 quod
1188 910 1248 947 hic
1264 911 1440 949 monuifl'e
1466 923 1545 947 mea
1558 910 1679 948 refert.
1733 909 1851 948 Citavi
1867 909 1919 944 bis
1941 918 2001 944 aut
2017 918 2072 943 ter
2089 906 2282 956 scriptama
2295 918 2370 942 mee

270 965 598 1008 Chrestomathiam
607 963 800 1002 Plinianam
809 968 837 1009 q,
860 962 896 1000 &
913 960 1041 1000 erubui
1061 961 1207 1011 quoties
1223 973 1362 998 nomen
1385 973 1508 998 meum
1532 959 1663 1011 scripsi:
1687 959 1749 997 sed
1765 973 1804 996 ea
1819 958 1919 995 causa
1934 969 2013 994 non
2029 955 2182 993 abstinui
2203 955 2358 995 nomine

270 1032 373 1063 meo,
399 1030 445 1054 ne
461 1016 546 1066 post
561 1014 699 1063 aliquot
716 1026 848 1058 annos,
879 1012 903 1050 s1
921 1012 1002 1061 quis
1024 1011 1123 1048 forte
1138 1010 1270 1048 viderit
1300 1023 1339 1048 ea
1347 1038 1358 1056 ,
1384 1023 1465 1060 quae
1480 1011 1517 1047 in
1528 1010 1819 1048 Chrestomathia
1845 1022 1914 1059 pro
1937 1007 2043 1044 novis
2072 1020 2090 1044 a
2104 1019 2163 1044 me
2185 1005 2356 1043 adferun-

269 1081 339 1113 tur,
359 1068 396 1104 in
412 1067 527 1103 Fabro
543 1065 623 1114 legi,
639 1066 659 1111 (
677 1064 721 1100 ad
736 1075 847 1113 quem
864 1076 881 1099 a
897 1075 955 1098 me
970 1061 1142 1111 adscripta
1165 1061 1310 1098 fuerant
1331 1072 1413 1099 ante
1437 1073 1545 1110 quam
1567 1072 1737 1110 putarem
1752 1060 1833 1097 fore
1851 1086 1861 1104 ‚
1887 1069 1928 1095 ut
1944 1057 2037 1095 illius
2054 1055 2256 1093 recudendi
2272 1067 2357 1092 cura

268 1118 356 1157 mihi
374 1114 567 1165 aliquando
582 1113 875 1158 demandaretur)
891 1111 935 1149 ad
951 1111 1056 1161 plagii
1070 1110 1158 1148 mihi
1176 1111 1313 1148 crimen
1328 1110 1606 1161 impingendum
1630 1110 1736 1147 nimis
1751 1109 1908 1146 festinet.
1944 1107 2015 1144 Sed
2029 1106 2108 1144 satis
2124 1106 2171 1143 de
2195 1118 2253 1142 me
2271 1105 2358 1151 dixi,

269 1168 394 1218 &plus
409 1167 508 1204 forte
524 1175 634 1214 quam
655 1163 733 1201 satis
751 1174 836 1201 erat.
886 1163 986 1199 Bene
1006 1160 1121 1198 valete
1131 1159 1315 1206 Lecflores,
1339 1159 1549 1198 &studium
1565 1174 1630 1198 vos
1647 1160 1793 1208 juvandi
1808 1171 1888 1196 tum
1901 1156 2075 1202 Fritschii‚
2091 1168 2170 1193 tum
2178 1156 2357 1200 nostrum,

269 1216 545 1267 aequibonique
577 1214 765 1252 consulite.
848 1211 1048 1250 Retracstavi
1072 1211 1168 1248 hanc
1182 1210 1435 1261 praefationem
1457 1210 1494 1247 in
1515 1210 1712 1249 Academia
1734 1206 1968 1258 Gottingenfi
1984 1207 2132 1245 Kalend*
2153 1204 2356 1243 Novembr.

270 1270 343 1306 clo
361 1269 405 1305 Io
422 1276 662 1303 ccxxxiiii.

352 1354 494 1388 nominis,
505 1352 625 1391 (magni
641 1351 693 1380 suo
710 1350 820 1380 merito
836 1350 864 1379 &
878 1350 966 1379 nobis
983 1359 1102 1389 quoque
1118 1349 1190 1389 cari)
1208 1359 1263 1388 qua
1275 1349 1441 1389 premimur
1454 1349 1597 1379 invidiam
1617 1347 1767 1387 deprecati
1781 1347 1866 1378 simus
1875 1356 1884 1380 5
1899 1344 2076 1375 tractatione
2091 1342 2269 1382 argumenti,
2277 1341 2356 1381 quod

353 1415 457 1446 parum
471 1402 663 1442 jucunditatis
672 1401 770 1436 habet,
786 1410 872 1431 tanto
889 1401 939 1430 hic
952 1400 1071 1430 facilius
1084 1398 1268 1440 supersedeo.

292 1486 294 1488 ’
311 1487 343 1525 o)
366 1483 450 1522 Quid
465 1482 537 1522 spei,
553 1490 603 1511 aut
621 1480 666 1510 rei
678 1480 767 1514 adeo,
786 1479 821 1509 fit
838 1480 867 1508 in
883 1479 1072 1508 RR.Patmm
1085 1477 1112 1508 S.
1127 1478 1150 1508 Ι.
1158 1478 1361 1514 Romanorum
1377 1478 1478 1507 labore
1489 1498 1496 1512 ,
1515 1477 1567 1516 qui
1581 1487 1595 1506 a
1609 1475 1824 1515 quinquaginta
1843 1474 1912 1502 inde
1935 1473 2018 1501 annis
2035 1471 2204 1500 consociata
2218 1467 2358 1498 industria

354 1535 385 1564 in
402 1532 510 1562 Latino
525 1532 636 1561 Lexico
656 1529 811 1560 condendo
827 1525 986 1558 elaborass'e
1002 1528 1142 1558 dicuntur
1156 1529 1208 1567 (v.
1223 1528 1371 1565 &debr-ze
1391 1529 1556 1566 §eitungen
1574 1529 1652 1564 1726
1667 1526 1821 1562 Potreoc)
1834 1533 1883 1553 aut
1897 1523 1929 1551 in
1944 1523 2000 1551 illo
2023 1521 2178 1554 instituto,
2200 1520 2279 1558 quod
2291 1520 2354 1549 lau*

352 1583 435 1611 datus
450 1581 536 1610 nobis
552 1580 712 1617 aliquoties
727 1578 911 1608 Facciolatus
936 1586 1151 1606 commemorat
1167 1576 1219 1614 (in
1234 1577 1345 1615 praefat.
1361 1576 1658 1607 Animadverfionum
1673 1575 1863 1611 Criticarum)
1876 1573 1938 1601 dies
1960 1571 2091 1601 docebit.

311 1663 345 1702 p)
367 1662 441 1698 Quae
456 1667 554 1696 neque
574 1657 619 1686 his
636 1656 714 1685 curis
730 1652 865 1685 secundis
880 1654 1017 1684 revocari
1031 1663 1197 1693 potuerunt
1212 1654 1328 1690 omnia,
1345 1664 1413 1684 cum
1428 1655 1544 1690 chartae,
1564 1654 1669 1692 quibus
1686 1651 1842 1682 commissae
1855 1651 1974 1679 fuerant
1984 1647 2205 1677 observationes
2221 1646 2354 1686 superio-

351 1721 408 1745 res,
425 1711 507 1741 inter,
519 1709 549 1738 B.
567 1707 627 1737 viri
643 1706 670 1736 ὃς
692 1705 946 1745 typographorum
966 1714 1068 1734 manus
1082 1705 1147 1734 fere
1161 1705 1318 1745 perierint.

314 1792 348 1830 q)
369 1790 505 1827 Itemque
526 1796 606 1817 nunc
621 1793 683 1824 quae
705 1784 740 1813 ad
756 1784 867 1813 rusticae
881 1784 925 1812 rei
942 1781 1102 1822 scripmres
1113 1782 1307 1813 commentati
1320 1782 1427 1817 summ,
1442 1789 1459 1810 e
1472 1780 1576 1819 quibus
1598 1780 1682 1818 plura
1695 1779 1755 1808 huc
1767 1777 1975 1812 retuliss'emus,
1985 1776 2038 1805 nisi
2051 1776 2146 1815 pudor
2159 1775 2355 1814 nescioquam

359 1839 550 1879 tempestivus
565 1848 619 1867 nos
633 1833 845 1875 prohibuisset,
879 1836 927 1863 vel
949 1834 994 1863 bis
1020 1834 1172 1863 venditare
1190 1835 1295 1863 eodem
1318 1841 1453 1871 tempore
1478 1831 1638 1862 lectoribus
1662 1832 1899 1869 qualemcunque
1927 1828 2115 1867 diligentiam
2135 1828 2279 1860 nostrum
2302 1827 2352 1856 vel

359 1889 567 1920 committere,
588 1892 623 1914 ut
635 1882 736 1913 omissa
750 1883 880 1913 nominis
895 1882 987 1912 nostri
1006 1883 1163 1912 mentione
1178 1892 1261 1912 tanto
1278 1883 1399 1912 facilior
1413 1880 1486 1914 esset
1501 1882 1622 1910 humilis
1646 1879 1797 1919 cujusdam
1811 1880 1837 1908 &
1860 1879 1955 1917 jejuni
1970 1878 2062 1917 plagii
2082 1877 2219 1916 suspicio.
2262 1878 2353 1907 Forte

359 1940 511 1971 exorietur
526 1935 682 1974 aliquando
693 1956 700 1969 ,
722 1935 773 1972 qui
788 1944 875 1973 quam
889 1944 943 1966 nos
960 1942 1079 1972 operam
1094 1933 1278 1972 praestitimus
1297 1934 1432 1972 ingenua>
1445 1932 1538 1964 laudis
1554 1930 1929 1966 Gronoviis,Broukhufiis,
1944 1930 2117 1960 Bur-mannis
2127 1951 2134 1964 ,
2151 1929 2272 1964 Geniis,
2286 1939 2351 1958 eam

359 1991 421 2030 ipse
442 1988 543 2022 nobis,
559 1987 578 2015 si
594 1995 649 2024 qua
664 1996 725 2014 non
740 1985 818 2012 male
832 1995 894 2013 rem
911 1982 1020 2022 geffiffe
1036 1984 1364 2017 animadverterit.non
1378 1983 1519 2012 invideat.
1582 1984 1690 2021 Neque
1705 1993 1777 2012 vero
1799 1976 1920 2010 difficile
1942 1982 2000 2011 erit
2016 1982 2080 2010 alii5
2102 1981 2192 2009 etiam
2204 2002 2210 2014 ,
2226 1980 2276 2018 qni
2291 1981 2351 2010 haec

360 2040 452 2070 studia
465 2047 578 2071 amant,
596 2036 645 2064 vel
662 2035 761 2063 indice
773 2034 872 2063 nostro
891 2043 940 2062 aut
954 2033 1063 2061 Lexico
1075 2034 1117 2061 rei
1133 2033 1244 2062 rusticae
1259 2043 1429 2072 comparato
1439 2055 1445 2067 ‚
1471 2034 1556 2062 tenui
1572 2034 1685 2062 indicio
1700 2033 1820 2072 signare,
1836 2033 1954 2070 quoties
1968 2032 2011 2061 ibi
2025 2031 2135 2070 aliquid
2148 2031 2196 2061 hic
2210 2030 2353 2061 inditium

360 2088 540 2123 invenerint,
558 2098 620 2127 qux
634 2085 754 2125 quidem
767 2084 925 2124 diligentia
938 2083 1073 2116 minime,
1088 2082 1185 2122 spem,
1201 2083 1271 2112 illos
1287 2083 1480 2113 frustrabitur.
1522 2085 1578 2114 Sed
1589 2084 1661 2114 ohe!
1686 2085 1743 2122 jam
1758 2083 1825 2113 satis
1841 2083 1889 2111 est.

1865 3795 2321 3889 INDICVLVS
