2467 4028
737 248 1426 296 ‘PRAEFATIONES

72 353 135 393 suo
151 351 327 403 quodque
341 352 426 390 loco
442 347 690 387 insererentur.
745 343 869 384 Video
888 341 994 381 etiam
1017 339 1228 379 obsecutum
1242 337 1310 375 effe
1319 333 1573 379 B.Stijbelium,
1599 331 1768 380 quamdiu
1785 326 2054 374 vita'manebat‚
2069 327 2136 366 bo-

72 417 117 441 na
145 414 290 453 exparte
314 402 402 439 illius
426 396 679 437 admonitioni.
749 394 821 431 Sed
845 394 942 431 idem
958 390 1163 430 observavi,
1189 387 1342 439 pluscula
1363 397 1485 423 tamen
1512 381 1685 432 superesse
1702 409 1712 426 ,
1737 394 1815 431 quae
1830 380 1905 427 jure
1926 378 1989 416 suo
2012 379 2136 415 locum

71 453 132 490 fibi
147 452 186 489 in
198 452 272 489 hoc
286 450 448 489 thesauro
464 447 665 491 vindicant,
687 457 801 493 eaque
817 445 854 481 in
877 441 1071 480 mantiss‘am
1096 437 1278 485 conjicere
1294 436 1404 486 coepi.
1476 435 1614 470 Verum
1630 430 1684 467 uti
1707 431 1790 476 dixi,
1814 429 1921 468 311&ae
1935 427 2024 465 mihi
2040 427 2135 464 inte-

71 502 138 540 rim
154 501 432 552 occupationes,
453 497 588 545 &justa
602 494 762 534 Fritschii
785 493 986 538 festinatio,
1008 491 1082 528 hoc
1098 489 1204 526 etiam
1224 485 1408 524 confilium
1430 495 1551 521 meum
1576 481 1858 529 interceperunt.
1932 479 2020 515 Hoc
2037 488 2136 518 certe

72 552 172 590 credi
190 551 277 588 mihi
291 561 369 586 turn
385 550 426 586 ab
441 547 529 592 aliis,
554 557 633 583 tum
648 545 690 582 ab
710 543 788 594 ipso
806 542 1002 581 Clariffimo
1020 540 1174 577 Falstero
1197 548 1288 587 peto
1311 548 1351 572 ac
1369 532 1530 585 postulo,
1552 543 1631 568 non
1648 528 1844 567 candorem
1863 528 1952 566 mihi
1966 527 2033 565 hac
2048 527 2086 563 in
2096 538 2138 563 re

74 601 239 646 defuisse,
265 598 325 636 sed
350 599 464 636 otium
486 595 677 634 evolvendi
700 593 829 643 lingula
844 621 854 639 ,
878 592 966 629 &in
988 589 1088 628 suum
1113 587 1291 636 quodque
1314 586 1436 623 locum
1465 579 1660 619 referendi.
1731 578 1879 615 Interim
1899 579 2044 626 utrique
2058 575 2140 613 viro

75 651 236 701 optimo,
256 649 381 693 multas
395 649 495 698 plura
520 645 669 695 quidem
689 645 843 681 Falstero
871 640 994 687 deberi
1015 652 1094 677 non
1116 638 1188 674 fine
1210 637 1397 685 voluptate
1422 631 1604 684 profiteor
1620 657 1630 675 ,
1655 628 1825 676 daboque
1841 639 1988 676 operam
2003 626 2142 672 sedulo,

75 712 127 744 ut,
141 699 164 736 si
181 697 328 748 quando
347 710 406 734 me
422 697 513 734 salvo
535 695 659 732 denuo
682 692 845 730 edendus
866 692 906 729 fit
927 691 987 728 hic
1008 689 1115 734 liber,
1147 686 1237 724 nihil
1258 697 1385 722 eorum
1401 710 1411 729 ‚
1437 695 1516 732 quae
1536 680 1598 730 ipfi
1619 690 1816 722 monuere,
1839 675 2144 726 praetermittatur.

74 748 272 793 Nimirum,
297 760 375 784 non
388 748 464 783 haec
486 746 555 783 sola
570 744 669 789 sunt,
689 755 769 792 quae
783 742 955 780 accedere
974 738 1119 790 possunt
1142 736 1228 773 huic
1243 734 1428 778 thesauro,
1461 731 1546 768 licet
1569 728 1738 767 omnibus
1762 725 1812 763 sui
1827 725 1969 775 generis
1987 724 2143 775 longiffi-

74 811 152 843 me,
182 796 217 835 &
232 808 329 834 extra
343 795 651 847 comparationem
672 793 749 830 fere
772 790 1019 843 praeferendm
1042 788 1089 825 de
1104 787 1233 836 quibus
1267 796 1380 835 pauca
1391 781 1634 829 subjiciemus,
1659 789 1700 815 ut
1714 774 2024 826 videantleclores
2039 801 2049 819 ,
2071 786 2145 812 nos

75 860 154 885 non
167 848 214 885 ita
229 847 334 884 nobis
347 845 504 883 suffenos
521 844 641 890 elle,ut
657 842 744 880 nihil
760 843 828 879 iam
844 840 1003 879 relicium
1019 848 1189 889 putemus
1205 846 1264 872 aut
1279 834 1510 881 nostrae,qure
1526 842 1604 866 non
1618 827 1789 871 remittet,
1806 825 1892 862 dum
1901 823 2058 861 rationes
2075 836 2146 861 no·-

74 896 542 941 straeferent,industriae,aut
560 893 719 931 aliorum.
768 893 888 929 Primo
903 890 1008 939 igitur
1023 887 1108 926 illud
1124 897 1262 923 certum
1280 884 1343 928 est,
1377 881 1522 932 quoties
1536 891 1631 916 nova
1653 876 1767 925 aliqua
1789 874 1959 925 proditur
1973 873 2068 914 ,boni
2092 874 2152 911 ali⁴

76 946 176 994 cujus
191 945 343 984 audieris
358 959 375 982 a
389 946 596 983 Burmanno
613 943 744 992 aliquo,
770 954 829 979 aut
843 936 1162 982 Drakenborchio,
1180 946 1256 981 aut,
1271 934 1293 971 fi
1309 932 1371 982 qui
1388 933 1468 970 sunt
1490 930 1623 967 horum
1645 927 1791 971 iimileS,
1807 923 1922 961 editio
1938 950 1948 969 ,
1976 923 2085 960 multa
2099 922 2152 960 ibi

75 995 251 1051 proferri,
276 996 374 1032 unde
394 993 607 1045 locupletari
623 993 805 1042 optimum
821 992 928 1028 etiam
941 989 1105 1026 Lexicon
1120 985 1238 1037 poffir.
1285 981 1437 1027 Prodiit,
1461 992 1559 1017 certe
1580 979 1619 1015 in
1641 987 1766 1014 manus
1795 987 1891 1012 meas
1907 973 2062 1024 primum
2085 985 2150 1010 ve-

76 1057 150 1091 mt,
170 1057 254 1082 cum
270 1045 382 1092 major
397 1057 476 1095 pars
492 1043 666 1081 Thesauri
687 1041 799 1079 nostri
814 1041 882 1078 iam
937 1039 1012 1076 relo
1039 1038 1181 1075 liberata
1209 1034 1311 1078 esset,
1343 1030 1506 1071 Valerius
1524 1030 1669 1066 Flaccus
1692 1039 1710 1063 a
1724 1027 1931 1063 Burmanno
1947 1033 2154 1061 exornatuS.

78 1095 183 1147 Qot
199 1095 247 1132 ibi
261 1094 537 1139 observationes,
555 1105 633 1143 qus:
657 1107 673 1130 a
692 1091 872 1143 proxima,
908 1101 1004 1138 iqua
1019 1088 1138 1125 futura
1158 1085 1236 1129 erit,
1252 1082 1415 1121 editione
1437 1079 1541 1117 Fabri
1562 1077 1674 1115 abesse
1695 1075 1768 1113 sine
1791 1072 1926 1124 flagitio
1942 1084 2021 1109 non
2043 1083 2155 1122 pote-

77 1149 181 1182 runt?
202 1146 260 1182 De
282 1145 420 1183 Ovidio
436 1144 599 1192 ejusdem
608 1143 690 1186 viri,-
722 1142 759 1178 in
781 1141 836 1177 his
860 1139 967 1178 literis
990 1137 1103 1175 hodie
1133 1134 1329 1184 Principis,
1353 1130 1443 1181 quid
1460 1129 1598 1166 dicam?
1624 1138 1752 1176 quem,
1767 1124 1853 1162 licet
1881 1122 2048 1160 nondum
2065 1121 2157 1166 mihi

79 1194 206 1240 visum,
224 1205 341 1232 certus
356 1194 431 1232 sum
450 1205 591 1238 tamen,
616 1192 773 1230 millenas
790 1191 927 1239 aliquot
940 1188 1145 1225 habiturum
1158 1183 1431 1226 adnotationes,
1455 1176 1666 1229 digniffimas
1683 1186 1825 1220 omnes,
1849 1185 2001 1222 quarum
2014 1171 2155 1208 hic'ha-

80 1244 205 1282 beatur
217 1245 308 1281 ratio
332 1243 350 1282 ῑ.
383 1243 454 1282 Sed
469 1256 575 1293 quam
591 1242 700 1280 multa
714 1241 793 1279 sunt
809 1239 952 1278 inlibris
968 1238 1056 1276 olim
1070 1235 1269 1283 editis,quae
1286 1229 1629 1281 diligentiffimorum
1643 1225 1804 1263 virorum
1823 1222 1943 1260 adhuc
1956 1221 2083 1272 fugere
2098 1220 2158 1258 in-

79 1292 260 1341 dustriam,
281 1294 320 1331 in
335 1294 524 1339 Harduini,
545 1305 585 1330 nt
600 1293 674 1330 hoc
688 1302 775 1337 utar,
784 1289 968 1334 Plinio,in
983 1286 1063 1338 ipsis
1076 1285 1228 1323 Rusticae
1250 1283 1319 1328 rei,
1337 1293 1431 1330 quos
1451 1278 1599 1317 traciare
1622 1275 1665 1313 ab
1688 1275 1807 1324 aliquo
1822 1283 1897 1310 tem
1927 1284 1992 1309 ore
2007 1267 2160 1320 diligen—

78 1344 149 1381 tius
163 1344 280 1394 coepi,
295 1342 549 1394 scriptoribus?
572 1341 825 1393 Geograpliica
846 1350 984 1389 quanto
1004 1335 1249 1374 emendatiora
1264 1332 1408 1384 possent
1425 1329 1499 1367 dari
1515 1341 1559 1365 ex
1580 1326 1678 1377 ipso,
1700 1336 1811 1373 quern
1833 1323 1889 1360 lau
1918 1321 2051 1358 avimus
2075 1333 2160 1358 mo-

79 1393 143 1439 do,
156 1394 270 1432 Plinio
285 1394 474 1439 Harduini,
491 1392 648 1432 cellario
661 1420 671 1438 ,
695 1390 902 1435 Holstenio,
922 1387 1049 1427 Vossio
1067 1386 1112 1423 ad
1132 1385 1276 1427 Melam,
1291 1381 1385 1420 aliis?
1409 1381 1529 1431 Qam
1547 1375 1657 1414 multa
1674 1374 1720 1411 de
1734 1371 1901 1423 gentibus
1927 1371 2098 1409 Romanis
2115 1382 2162 1409 ex

82 1442 335 1498 GlandorpiQ,
358 1443 607 1481 numismatum
624 1440 875 1493 scriptoribus,
899 1438 936 1476 ὃ(
956 1435 1208 1475 εοΠεὲὶοῑὶὺης
1236 1429 1536 1481 inscriptionum?
1561 1427 1619 1463 De
1641 1424 1778 1463 Graecis
1807 1421 2017 1470 Latinisque
2035 1420 2163 1458 auclo-

84 1494 180 1530 ribus
194 1505 238 1530 ex
252 1493 436 1531 Fabricio?
459 1494 517 1531 De
534 1492 758 1543 mythologia
773 1504 817 1528 ex
831 1488 979 1539 optimis
994 1485 1215 1524 editionibus
1230 1479 1442 1534 poetarum?
1467 1479 1526 1516 De
1549 1476 1741 1513 herbarum
1751 1501 1761 1519 ,
1786 1472 1949 1522 stirpium
1959 1497 1969 1517 ,
2001 1470 2164 1508 animali-

87 1553 148 1596 um
161 1541 462 1593 descriptionibus
480 1542 515 1578 ἃ
538 1543 733 1579 vernaculis
748 1538 1057 1591 appellationibus,
1077 1534 1166 1585 quid
1183 1533 1329 1570 dicam?
1354 1531 1474 1581 Qam
1491 1527 1601 1566 multa
1617 1539 1635 1563 a
1653 1524 1828 1572 cujusque
1851 1521 1992 1571 generis
2008 1520 2166 1570 scripto·

86 1591 181 1627 ribus
196 1603 322 1628 recens
336 1593 481 1629 inventa
496 1591 711 1639 discuffique
726 1592 841 1627 multo
859 1587 1063 1638 diligentius
1080 1589 1094 1623 ?
1117 1584 1180 1622 Ad
1203 1581 1422 1631 antiquitatis
1444 1577 1612 1615 notitiam
1634 1584 1811 1624 quantum
1832 1572 1871 1609 in
1891 1572 1967 1608 hoc
1988 1568 2167 1619 locupleti

85 1638 252 1676 themu-o
266 1640 370 1684 desit,
393 1642 448 1678 vel
465 1641 581 1678 Pitisci
602 1641 703 1677 labor
717 1638 895 1676 docuerit.
978 1638 1022 1673 Et
1047 1635 1128 1684 quis
1147 1646 1227 1670 non
1252 1641 1384 1680 quaerat
1408 1629 1446 1665 in
1458 1625 1673 1664 scholasticae
1688 1621 1903 1659 eruditionis
1926 1632 2026 1669 penu
2045 1630 2172 1663 notas,

87 1699 236 1738 quarum
253 1700 359 1737 quam
383 1701 504 1737 paucae
526 1690 644 1726 adhuc
664 1688 779 1725 relatae
793 1688 866 1724 huc
880 1686 966 1731 sint,
991 1683 1214 1733 comparatio
1234 1678 1382 1717 Sertorii
1410 1674 1526 1714 Vrsati
1548 1672 1650 1710 facile
1673 1669 1844 1708 ostendit.
1894 1670 2030 1707 Graecae
2043 1680 2169 1707 rerunt

87 1738 344 1792 appellationes
359 1738 394 1774 ἀ*
409 1737 683 1786 significationes
706 1737 899 1771 verborum
914 1747 1019 1781 quam
1042 1731 1210 1769 nondum
1234 1730 1342 1779 plene
1365 1735 1546 1763 annotata:
1565 1722 1650 1766 fint,
1666 1721 1729 1769 qui
1751 1717 2004 1756 Motellianum
2033 1716 2168 1754 dielic-

87 1800 226 1825 narlum
248 1787 499 1832 contenderit,
522 1783 788 1835 deprehendet.
869 1783 1015 1818 Barbara
1033 1781 1159 1823 multa,
1185 1790 1244 1814 aut
1260 1788 1355 1813 nova
1381 1786 1491 1817 certe,
1506 1784 1585 1808 non
1600 1771 1767 1807 locorum
1782 1768 1818 1803 ἃ
1833 1767 1996 1811 urbium,
2018 1765 2079 1803 sed
2109 1778 2169 1802 re-

89 1850 168 1874 rum
185 1837 289 1874 etiam
306 1837 341 1874 ὃς
357 1835 539 1874 actionum
554 1834 725 1872 vocabula
737 1832 818 1870 usus
840 1831 987 1876 invexit,
1012 1841 1169 1878 quorum
1186 1827 1234 1864 sat
1251 1825 1369 1862 multis
1384 1821 1515 1871 inipso
1530 1819 1665 1856 Lexico
1682 1819 1805 1857 locum
1821 1829 1900 1853 non
1914 1816 2055 1866 optimo
2073 1828 2169 1853 con-—

90 1886 164 1925 silio
179 1886 405 1936 asfignatum,
428 1886 600 1936 equidem
623 1884 785 1921 arbitror.
834 1883 979 1918 Horum
1004 1878 1154 1916 maxima
1175 1877 1315 1924 farrago
1331 1887 1375 1911 ex
1401 1869 1598 1909 Dufresnio
1614 1868 1650 1905 δε
1670 1866 1856 1917 gloffariis,
1881 1865 2170 1916 Geographicis-

93 1948 165 1986 que
190 1936 406 1974 dictionariis
428 1935 615 1986 congesta,
649 1931 920 1980 breviffimeque
944 1930 1179 1978 interpretata
1194 1953 1204 1971 ,
1231 1925 1269 1962 in
1289 1936 1403 1961 unum
1418 1922 1543 1959 locum
1564 1918 1664 1966 rejici
1683 1916 1799 1968 posset
1814 1943 1823 1961 ,
1845 1915 1890 1952 ad
1912 1916 2066 1953 modum
2089 1915 2171 1952 fere

94 1986 307 2024 onomastici
323 1999 340 2024 a
354 1987 406 2024 Io.
420 1985 615 2024 Laurentio
634 1984 721 2024 editi
749 1982 777 2021 k.
826 1980 996 2030 Denique
1005 1976 1244 2018 Germanicus
1260 1974 1375 2011 Index
1388 1997 1400 2018 ,
1425 1983 1534 2021 quem
1550 1981 1597 2006 ne
1620 1980 1742 2006 totum
1758 1966 1908 2016 quidem
1928 1977 2067 2003 attente
2083 1977 2169 2015 per-

93 2036 210 2088 legere
227 2037 332 2074 nobis
347 2037 465 2082 licuit,
494 2034 687 2073 aueliorem
712 2045 832 2070 tamen
855 2030 973 2067 multis
986 2029 1075 2067 locis
1091 2027 1127 2064 ἃ
1151 2023 1437 2063 emendatiorem
1460 2021 1605 2064 damus,
1631 2030 1739 2068 quam
1762 2028 1865 2053 antea
1886 2015 2023 2061 fuerat,
2046 2016 2101 2052 vel
2121 2014 2172 2052 fic

97 2085 303 2136 longiffime,
323 2086 459 2132 fateor,
486 2086 582 2123 abest
598 2085 638 2121 ab
654 2084 732 2121 idea
747 2082 836 2120 boni
849 2080 983 2118 Lexici.
1033 2078 1103 2116 Sed
1124 2076 1204 2126 quis
1220 2074 1322 2112 dedit
1340 2072 1528 2110 meliorem
1550 2068 1586 2107 ¹?
1605 2068 1746 2106 Scilicet
1760 2077 1802 2104 ut
1817 2078 1948 2111 nem0,
1971 2065 2075 2114 quod
2090 2065 2174 2114 qui-

98 2133 184 2172 dem
200 2135 365 2181 sciamus,
386 2136 548 2173 Lexicon
563 2134 731 2171 Latinum
747 2132 849 2170 dedit
863 2130 989 2167 nostro
1004 2126 1228 2180 praestantius
1253 2132 1287 2162 ¹¹¹.
1334 2122 1490 2171 Fugiunt
1511 2119 1671 2157 laborem
1697 2116 1883 2168 plerique,
1909 2115 1947 2152 in
1963 2114 2173 2153 difficultate

98 2184 195 2240 haud
211 2185 386 2222 mediocri
404 2196 631 2222 contemtum
650 2184 757 2232 vulgo
783 2189 796 2204 ¹¹
830 2181 866 2218 &
888 2179 1091 2230 inglorium.
1168 2175 1349 2214 Coierunt
1383 2173 1423 2209 in
1445 2170 1558 2209 Gallia
1584 2168 1683 2219 regio
1700 2165 1788 2204 iussu
1810 2165 1846 2203 ὃ(
1867 2165 2040 2203 sumtibus
2066 2164 2177 2214 regiis

100 2246 176 2279 viri,
198 2235 269 2290 'qui
284 2235 352 2272 flos
366 2235 433 2272 suae
448 2235 554 2272 aetatis
569 2233 604 2271 ὃς
618 2234 734 2283 gentis
757 2232 949 2269 hominum
970 2239 1161 2279 putantur,
1190 2238 1269 2262 non
1293 2224 1340 2261 illi
1359 2221 1548 2260 umbratici
1571 2219 1617 2257 de
1631 2215 1965 2262 scholahomines,
1982 2214 2043 2254 sed
2060 2215 2176 2261 major

99 2294 178 2334 pars
195 2284 272 2334 1pso
287 2297 405 2322 rerum
422 2284 499 2322 aelu
526 2283 726 2328 exercitati,
751 2293 811 2319 aut
827 2280 897 2318 aliis
914 2291 1013 2316 certe
1029 2278 1160 2316 artibus
1187 2274 1338 2312 nobiles.
1386 2272 1436 2309 Hi
1452 2270 1587 2320 magnis
1603 2267 1747 2306 excitati
1767 2265 1973 2316 stipendiis,
1990 2264 2178 2302 abundan-

100 2344 154 2370 tes
176 2334 276 2388 otio,
303 2335 439 2372 collatis
454 2335 550 2371 inter
564 2334 598 2371 se
615 2333 754 2383 operis,
782 2332 866 2382 post
888 2329 1085 2367 multorum
1116 2338 1295 2363 annorum
1319 2321 1434 2359 studia
1455 2320 1621 2359 Lexicon
1649 2317 1756 2355 nobis
1782 2315 1918 2353 dedere
1937 2314 2089 2352 modico
2108 2326 2177 2351 vo-

99 2383 233 2421 lumine
247 2385 549 2435 comprehensum
565 2411 574 2428 ,
600 2395 677 2428 aut,
702 2382 724 2419 fi
741 2392 954 2430 computare
978 2380 1126 2416 alterum
1151 2375 1236 2413 illud
1261 2374 1378 2411 lubeat
1398 2399 1409 2417 ,
1434 2371 1595 2410 duobus;
1618 2368 1659 2409 in
1681 2378 1757 2416 quo
1775 2366 1884 2403 multa
1909 2365 2045 2409 deesse,
2067 2365 2180 2401 multa

100 2445 287 2490 perperam
309 2435 439 2485 posita,
463 2433 584 2484 smguli
600 2432 767 2470 homines
791 2431 912 2468 dicere
929 2428 996 2466 aufi
1013 2428 1113 2471 sunt,
1137 2426 1173 2462 ὃς
1187 2423 1309 2461 multis
1330 2422 1408 2469 jure
1423 2420 1486 2457 suo
1505 2420 1579 2456 hoc
1602 2417 1722 2454 feciss'e
1746 2414 1926 2452 videntur.
1974 2414 2182 2451 Trivultina

101 2483 269 2530 societas,
292 2484 458 2522 innutriti
473 2484 583 2522 literis
599 2483 635 2520 &
666 2483 805 2519 summo
829 2481 867 2516 in
890 2480 969 2515 otio
1002 2478 1165 2514 viventes
1189 2473 1359 2509 homines
1388 2469 1615 2517 complures,
1640 2476 1800 2513 quorum
1822 2463 1852 2500 is
1866 2475 1959 2500 unus
1977 2463 2078 2498 labor
2094 2473 2183 2508 erat,

1251 2520 1275 2555 b
1300 2532 1328 2564 4
2006 2511 2185 2562 *Lexicon

144 2619 168 2658 i)
185 2619 334 2648 Hastenus
350 2618 420 2656 legi,
440 2616 460 2645 si
475 2616 524 2645 cui
539 2616 580 2645 ita
594 2616 693 2646 dicere
708 2613 818 2647 lubeat,
841 2611 941 2641 nostrae
955 2609 992 2640 slc
1013 2610 1080 2640 satis
1097 2605 1380 2646 obtemperavimus,
1404 2611 1547 2642 quantum
1562 2599 1680 2631 scilicet
1699 2599 1763 2638 ejus
1777 2607 1831 2638 per
1846 2596 2040 2636 migrationes
2055 2597 2185 2636 aliquot,

187 2670 306 2698 morbos
328 2669 409 2702 item,
424 2668 451 2696 δι
464 2667 594 2696 rationes
609 2667 687 2700 alias,
708 2664 772 2693 fieri
789 2664 899 2702 potuit,
921 2661 1035 2690 debuit.
1094 2659 1202 2687 Prteter
1230 2664 1334 2684 caetera
1346 2653 1508 2691 diligenter
1520 2652 1578 2680 huc
1599 2650 1775 2683 retulimus,
1808 2657 1871 2686 quae
1884 2656 1952 2676 cum
1971 2648 2068 2687 poetis
2083 2649 2184 2678 mino-

188 2722 283 2755 ribus,
309 2731 324 2748 a
335 2720 383 2749 Pe.
398 2721 580 2752 Burmanno,
604 2728 692 2757 quem
706 2717 820 2754 semper
841 2714 962 2743 honori<
978 2713 1005 2741 δε
1021 2708 1223 2740 admirationis
1244 2706 1328 2736 causa
1349 2705 1484 2744 appello,
1502 2703 1589 2732 editis
1603 2701 1754 2742 publicata
1770 2700 1837 2730 sunt
1851 2711 1858 2728 ε
1880 2699 1907 2729 8<
1922 2710 1984 2738 quae
2004 2700 2038 2730 ad
2051 2700 2185 2734 Sallusti..

185 2782 237 2801 um
251 2772 368 2801 dederat
389 2771 516 2805 Cortius,
536 2771 598 2800 fito
614 2769 708 2799 literis
725 2768 829 2797 acerbo
845 2775 914 2795 ante
929 2774 1017 2804 quam
1030 2760 1174 2803 perficere
1189 2761 1273 2799 plura
1285 2757 1400 2797 optime
1417 2755 1548 2795 cogitata
1563 2764 1652 2794 atque
1668 2753 1769 2785 affeffka
1782 2750 1887 2792 poffet,
1897 2761 2026 2793 ereptus.

145 2852 177 2891 k)
202 2852 300 2888 Quale
317 2851 408 2880 etiarn
417 2850 532 2890 optimo
549 2849 670 2878 conlilio
693 2847 800 2885 adjecit
815 2844 959 2883 Calepino
974 2853 989 2872 a
1010 2842 1040 2871 se
1052 2840 1206 2871 retrastato
1221 2837 1406 2869 Pacciolatus
1420 2835 1458 2865 V.
1468 2836 1500 2865 C.

147 2930 173 2970 1)
195 2929 285 2969 Spero
300 2929 356 2960 hoc
371 2930 478 2959 fadum
497 2927 554 2957 esse
571 2928 604 2956 ab
620 2925 819 2967 Hederichio,
835 2924 918 2961 cujus
941 2921 1030 2951 multi
1044 2920 1174 2960 praeclari
1197 2917 1224 2948 δι
1239 2917 1329 2946 utiles
1351 2914 1459 2945 scholis
1475 2912 1545 2943 libri
1559 2920 1660 2942 erant:
1681 2909 1730 2940 sed
1743 2908 1876 2940 Lexicon
1896 2908 1973 2940 illud
1986 2910 2184 2942 Germanico-

191 2980 330 3010 Latinum
343 2989 499 3014 excutere,
519 2988 569 3008 aut
583 2979 631 3007 vel
647 2988 682 3007 ex
697 2977 762 3011 illo,
771 2976 821 3005 vel
836 2975 1033 3012 undecunque
1059 2970 1170 3010 aliquid
1186 2970 1221 2999 ad
1241 2967 1415 2998 Fabrianum
1437 2965 1568 2995 indicem
1587 2962 1752 2995 ornandum
1767 2961 1920 2997 conferre,
1937 2963 2066 2993 rationes
2081 2963 2186 2993 nostrae

193 3043 254 3062 non
274 3034 418 3061 tulerunt.

150 3112 192 3151 m)
213 3112 261 3140 Ne
276 3111 332 3140 hoc
347 3119 460 3139 temere
475 3107 585 3137 dietum
598 3106 742 3140 videatur,
752 3103 860 3142 liceat(
868 3108 972 3143 praeter
985 3101 1041 3131 aliti
1056 3099 1184 3129 aliorum
1201 3097 1317 3137 judicia,
1328 3105 1390 3135 quae
1407 3090 1508 3134 passim
1522 3092 1669 3133 prostant,
1697 3090 1784 3120 nobIS
1804 3091 1896 3120 etiam
1911 3086 2084 3126 honorifica,
2100 3091 2127 3121 δε
2143 3091 2185 3121 ob

193 3162 223 3191 id
239 3161 334 3201 ipsum
350 3159 478 3189 modesto
495 3157 542 3187 hic
556 3157 673 3186 filentio
691 3156 866 3196 premenda)
891 3153 924 3182 ad
940 3162 1043 3182 eorum
1060 3159 1222 3189 provocare
1239 3145 1467 3180 conscientiam,
1491 3143 1542 3182 qui
1558 3142 1701 3171 illustrem
1723 3150 1791 3169 curn
1810 3140 1927 3168 viveret
1943 3139 2056 3174 virum,
2086 3140 2116 3169 &
2135 3140 2187 3169 ha-

194 3223 258 3242 rum
273 3222 370 3241 rerum
385 3210 524 3238 idoneum
539 3206 605 3236 sane
627 3208 755 3245 judicem
776 3206 846 3235 Nic.
861 3204 986 3233 Hieron.
1032 3197 1248 3238 Gundlingium
1258 3219 1265 3233 ,
1289 3198 1322 3227 in
1342 3194 1570 3226 recitationibus
1581 3213 1588 3227 ,
1610 3191 1714 3230 quibus
1730 3190 1766 3219 de
1780 3189 1899 3218 historia
1913 3188 2043 3218 literaria
2056 3189 2090 3218 ad
2106 3190 2188 3218 Con·

193 3263 323 3302 speflum
337 3258 594 3289 Heumannianum
609 3265 823 3286 commentatus
838 3254 894 3288 est,
915 3254 1065 3282 dicentem
1093 3250 1231 3279 audivere
1248 3269 1254 3282 ,
1280 3246 1334 3276 tali
1354 3245 1465 3274 Lexico
1478 3265 1485 3278 ,
1507 3243 1593 3281 quale
1617 3240 1681 3279 post
1696 3242 1827 3278 [imperas
1842 3247 1924 3267 curas
1944 3237 2052 3266 nostras
2069 3238 2187 3267 Fabriau·

195 3325 267 3346 num
280 3315 328 3348 fic,
351 3312 462 3342 nullam
475 3309 594 3347 gloriari
609 3309 760 3337 nationem
776 3306 864 3346 posse.
908 3307 982 3341 Qun
996 3313 1066 3332 vero
1083 3302 1114 3331 ln
1140 3301 1241 3330 eadem
1259 3297 1418 3327 Aeademia
1435 3304 1495 3324 non
1519 3295 1560 3323 ita
1575 3292 1689 3331 pridem
1706 3291 1737 3319 in
1754 3290 1856 3319 fronte
1879 3289 1980 3327 magni
2001 3288 2097 3326 operis
2113 3288 2189 3319 scri-

197 3376 248 3406 pta
262 3365 329 3393 sunt
345 3384 351 3396 ‚
371 3372 406 3391 ca
418 3371 479 3389 non
495 3357 663 3392 mirabitur,
689 3358 739 3396 qui
754 3357 884 3396 cogitet,
907 3355 952 3383 illi
968 3354 1032 3382 viro
1049 3359 1087 3381 ne
1102 3350 1193 3380 visam
1207 3349 1327 3387 quidem
1350 3345 1483 3385 proxime
1505 3343 1687 3382 superiorem
1710 3339 1843 3369 Fabriani
1860 3336 1987 3367 thesauri
2009 3337 2186 3374 editionem²

196 3426 260 3446 tum
275 3415 354 3443 illius
372 3409 525 3441 Hor-atiani
544 3408 729 3443 meminerit,
750 3407 861 3436 Laudat
874 3404 978 3434 venales
992 3404 1039 3443 qui
1054 3402 1113 3431 vult
1130 3400 1273 3430 extrudere
1288 3407 1403 3426 merces:
1423 3404 1455 3423 ac
1470 3394 1599 3430 denique
1621 3391 1696 3420 illud
1715 3391 1746 3418 in
1761 3390 1824 3418 vita
1837 3385 2031 3420 solenne‚sed
2045 3396 2108 3416 non
2116 3386 2189 3417 ideo

198 3467 285 3497 nimis
304 3464 448 3494 laudabile
462 3459 678 3493 observaverit,
702 3458 781 3497 quod
796 3458 845 3496 qui
860 3455 1005 3485 extollere
1024 3454 1073 3482 sua
1088 3452 1211 3484 volunt,
1231 3450 1295 3478 fere
1312 3448 1408 3476 aliena
1421 3445 1600 3484 deprimunt.
1644 3443 1789 3471 Coeterum
1809 3438 1910 3477 quanti
1926 3436 1960 3466 sit
1975 3435 2053 3465 inter
2067 3445 2190 3470 exreroe

199 3520 296 3551 etiam,
308 3518 446 3554 (quorum
462 3512 549 3541 multi
557 3512 648 3549 {tanto
669 3510 825 3549 malignius
842 3509 876 3537 dc
892 3507 995 3536 nostris
1013 3505 1212 3543 judicant,quo
1231 3499 1379 3529 effusiores
1393 3508 1447 3526 nos
1463 3496 1558 3525 sumus
1568 3495 1600 3524 ln
1619 3494 1741 3523 illorum
1756 3491 1805 3520 vel
1825 3487 2032 3528 praedicatione
2047 3489 2095 3517 vel
2120 3488 2192 3517 imi—

201 3569 315 3598 tatione
326 3567 409 3604 adeo)
419 3566 475 3594 hoc
491 3561 647 3602 opus‚quid
663 3562 693 3590 ni
709 3561 742 3590 ad
756 3557 1068 3596 Facciolati'judicium
1083 3555 1261 3593 provocem?
1272 3550 1374 3589 judicis
1391 3556 1473 3578 tanto
1490 3546 1580 3585 magis
1591 3542 1788 3582 idone-Lquod
1802 3541 1842 3569 est
1856 3540 1888 3568 in
1900 3538 2006 3568 eodem
2019 3537 2127 3572 laboris
2136 3548 2190 3579 ge-

204 3626 275 3650 nere
298 3627 363 3646 cum
378 3614 460 3645 laude
476 3613 613 3642 versutus.
656 3611 682 3639 Is
699 3621 769 3639 vero
787 3611 818 3639 in
834 3608 1003 3648 praefatione
1021 3604 1165 3642 Calc-pino
1180 3599 1331 3641 praemissa,
1353 3597 1496 3630 Praeclare,
1512 3595 1619 3633 inquit,
1634 3592 1771 3632 nobiscum
1784 3589 1876 3619 aCJum
1888 3609 1895 3623 ,
1911 3588 1984 3628 quod
1996 3584 2090 3627 Bafilii
2104 3585 2193 3618 Fabri

203 3667 327 3707 thefhuro
340 3676 392 3695 non
406 3666 551 3697 caruimus,
569 3672 619 3703 quo
635 3672 686 3690 nuo
699 3661 769 3689 nihil
781 3660 815 3699 est
829 3662 858 3688 in
871 3659 920 3687 hac
929 3656 1082 3696 studiorum
1094 3661 1174 3693 parte
1187 3651 1341 3691 perfidius.
1386 3649 1461 3678 Hinc
1475 3646 1585 3685 infinita
1596 3649 1679 3683 prope
1695 3640 1857 3671 deduximus
1870 3637 1923 3668 &a
1984 3636 2086 3677 Quid?
2109 3637 2195 3677 quod

197 3718 318 3757 ,Exteris
335 3716 531 3755 flagitantibus
548 3715 577 3743 id
598 3713 707 3752 ipsum,
742 3710 875 3739 satisfieri
898 3719 959 3737 non
984 3706 1093 3746 potuit,
1117 3703 1170 3733 nisi
1189 3702 1297 3739 adjesta
1313 3699 1429 3729 Gallica
1446 3697 1605 3727 verborum
1616 3694 1643 3722 &
1656 3691 1859 3725 formularum,
1876 3699 1938 3728 quae
1953 3698 2027 3728 opus
2037 3688 2067 3717 id
2083 3688 2194 3718 habere

205 3771 390 3801 videbantur,
407 3766 668 3804 interpretatione:
689 3771 776 3800 quarn
789 3761 896 3789 bonam
908 3757 964 3788 effe
981 3758 1083 3796 sperem
1103 3754 1191 3787 laudi,
1205 3753 1272 3791 quia
1286 3750 1360 3780 nihil
1377 3749 1409 3778 in
1429 3758 1464 3777 ea
1478 3756 1595 3779 meum,
1609 3743 1682 3772 mihi
1706 3739 1764 3772 esse
1779 3751 1842 3771 non
1854 3739 1991 3780 postu103
2013 3737 2064 3768 sed
2078 3747 2177 3777 neque
2188 3756 2197 3773 ‚

207 3823 228 3852 fi
244 3821 312 3861 quid
327 3827 480 3858 peccatum
494 3818 572 3845 forte
588 3816 636 3848 lit,
652 3813 776 3842 izividiae„

163 3901 198 3943 n)
219 3901 267 3931 De
282 3897 337 3929 illo
356 3904 531 3932 contemtu,
551 3903 637 3934 quam
653 3890 773 3930 injustus
788 3889 914 3926 sumum
928 3885 1042 3928 egerim
1063 3878 1217 3924 superiore
1237 3890 1314 3913 anno
1341 3879 1373 3910 in
1394 3875 1569 3919 praefatione
1591 3867 1771 3915 Reyheriani
1793 3864 1918 3906 theatri,
1944 3864 1974 3900 ὃς
1989 3863 2201 3902 Buxmmuiiani
